3709 5734
1000 542 1068 613 340

372 738 624 811 Hieronymus,
648 738 691 809 S.‚
713 738 934 797 Commentarius
955 740 985 794 in
1006 740 1151 811 epistolam
1173 740 1254 797 Pauli
1276 740 1312 795 ad
1333 740 1428 797 Titum
1450 748 1478 795 et

340 890 346 899 ι
537 825 728 882 Philemonem
776 862 1408 883 ...........
1480 826 1551 895 844,
1577 827 1591 879 1
1616 825 1682 879 89.

414 934 456 947 -·
499 908 720 967 Commentarius
742 910 771 963 in
792 910 878 966 libros
900 910 1071 981 Salomonis,
1094 910 1260 979 Proverbla‚
1282 910 1478 981 Ecclesiastcn,

537 994 683 1053 Canticum
705 996 890 1066 canticorum,
920 996 1108 1068 Sapientiam,
1130 997 1227 1053 Jesum
1249 996 1346 1052 Sirach
1369 1005 1398 1053 et
1418 1016 1479 1054 ora-

537 1082 641 1137 tionem
663 1080 819 1137 Salomonis

416 1188 455 1203 ·-
500 1166 671 1239 Fragmema
691 1166 896 1237 praefationum
910 1176 940 1227 et
954 1168 1211 1223 commentariorum
1224 1166 1253 1220 in
1267 1166 1353 1225 libros
1364 1169 1487 1226 Salomo·
1529 1232 1536 1247 ,

535 1253 579 1307 nis
601 1259 630 1307 et
651 1252 877 1307 Ecclesiasticum
891 1290 1470 1309 ..........
1529 1249 1636 1318 1036*,
1658 1250 1681 1305 9.

414 1362 456 1377 --
500 1336 720 1410 Commentarius
741 1337 770 1391 in
792 1338 947 1409 Prophetae
1320 1334 1324 1347 '
1568 1336 1682 1405 685,1.

413 1448 455 1463 -·
498 1401 748 1479 Commentarius'
740 1442 770 1477 m
792 1424 948 1495 Prophetas
969 1424 1089 1481 minores
1147 1460 1156 1480 .
1212 1463 1219 1476 .
1278 1422 1595 1479 ...703
1621 1421 1683 1477 918.

415 1508 944 1581 -Commentariusmprophetast
969 1508 1478 1579 J0e1,4m0s,zaehsriam‚sonsm

535 1599 564 1649 et
584 1594 749 1649 Malachiam
768 1631 1473 1653 ...........
1621 1589 1684 1646 943.

412 1704 456 1719 -
500 1676 755 1735 Commentarius
747 1698 777 1733 ιιι
802 1679 954 1751 prophetae
976 1681 1083 1750 Naum,
1110 1680 1295 1781 Sophoniam‚
1321 1680 1478 1753 aggaeum,

538 1764 701 1820 Zachariam
724 1771 753 1819 et
773 1764 938 1821 Malachiam
956 1802 1471 1822 ..........
1544 1762 1636 1831 1008,
1657 1762 1683 1815 4.

414 1874 458 1887 ·-
501 1848 606 1905 Contra
626 1849 838 1906 Jovinianum.
896 1890 904 1902 .
960 1888 968 1904 .
1023 1890 1029 1903 .
1085 1888 1093 1909 .
1149 1848 1684 1922 .967,1.1005,14.1079,1.

417 1964 454 1977 -
501 1933 606 1989 Contra
627 1941 816 1991 accusatorem
837 1935 969 1993 Rufinum
1019 1974 1474 1995 ........
1546 1933 1639 2003 1005,
1660 1932 1684 1986 6.

418 2050 455 2064 -
499 2020 544 2075 De
566 2021 693 2075 doctrina
713 2022 887 2079 sacerdotum
956 2058 1284 2080 ......
1335 2022 1423 2085 1051,
1450 2022 1499 2077 35.
1525 2020 1618 2089 1051,
1641 2019 1685 2071 41.

412 2130 456 2145 -
497 2106 542 2159 De
564 2104 755 2161 exhortatione
776 2098 985 2163 misericordiae
1005 2115 1032 2163 et
1053 2106 1213 2162 remissione
1239 2113 1416 2179 peecatorum
1467 2146 1473 2160 .
1526 2104 1619 2173 1051,
1642 2102 1685 2159 34.

414 2218 456 2229 -
498 2190 543 2245 De
564 2208 667 2263 genere
689 2190 851 2247 clericorum
893 2228 1475 2250 ..........
1527 2190 1619 2259 1488,
1641 2188 1685 2243 94

414 2302 456 2315 -
497 2276 543 2330 De
570 2275 624 2331 hoc
650 2278 725 2375 quod
752 2276 821 2331 dicit
846 2280 988 2349 apostolus
1016 2278 1132 2333 Paulus·
1155 2263 1271 2334 beurim
1299 2278 1474 2334 aemulamini

540 2378 649 2433 semper
669 2362 699 2416 in
719 2347 801 2417 bono'
832 2398 1476 2419 ...........
1527 2362 1619 2431 1051,
1642 2358 1687 2414 38.

413 2471 456 2483 -
498 2446 543 2501 De
564 2448 700 2502 monacho
722 2447 832 2517 captivo
896 2485 1346 2507 ........
1422 2448 1492 2516 618,
1516 2448 1543 2502 6.
1568 2446 1640 2515 994,
1662 2446 1686 2498 3.

411 2557 454 2569 —
496 2524 544 2586 De
564 2532 693 2603 passione
715 2532 819 2587 domini
840 2550 855 2589 e
878 2534 1082 2590 commentariis
1103 2535 1132 2589 in
1154 2534 1182 2590 8.
1205 2532 1410 2591 Matthaeum.
1467 2574 1473 2587 .
1547 2533 1639 2601 1939,
1661 2531 1686 2584 3.

416 2646 452 2659 -
497 2617 543 2671 De
564 2616 722 2688 quindecim
743 2618 830 2689 signis
851 2620 958 2675 dierum
980 2620 1203 2692 praecedentium
1227 2620 1300 2674 diem
1318 2620 1417 2691 judicii
1465 2662 1471 2673 .
1525 2617 1617 2687 1049,
1643 2617 1686 2670 10.

412 2728 454 2740 -
497 2700 541 2755 De
562 2702 660 2773 regula
681 2702 844 2757 clericorum
890 2741 1473 2763 ..........
1525 2703 1616 2771 1488,
1641 2701 1685 2755 93.

412 2813 455 2826 -
496 2786 542 2841 De
563 2788 742 2843 sacramentis
764 2794 870 2864 septem
891 2792 1028 2861 graduum
1050 2790 1299 2847 ecelesiasticorum
1338 2832 1345 2845 .
1400 2832 1407 2846 .
1464 2830 1470 2845 .
1525 2788 1616 2857 1051,
1641 2786 1688 2841 33.

414 2900 455 2913 -·
498 2872 543 2927 De
565 2873 651 2927 sacris
673 2872 816 2929 ordinibus
831 2910 1471 2933 ...........
1524 2874 1616 2942 1051,
1640 2872 1686 2927 39.

413 2984 454 2995 -
496 2957 542 3011 De
563 2956 670 3013 Seneca
691 2959 879 3013 testimonium
896 2998 1472 3016 ..........
1568 2960 1638 3027 150,
1662 2958 1687 3010 1.

414 3071 451 3079 -
496 3043 542 3098 De
564 3050 669 3114 septam
691 3044 825 3115 gradibus
847 3044 1041 3101 ecclesiasticis
1084 3083 1472 3102 .......
1566 3044 1638 3112 855,
1663 3044 1687 3095 1.

415 3159 452 3170 -
496 3128 541 3183 De
562 3128 627 3183 viris
648 3128 801 3184 illustribus
828 3166 1470 3187 ...........
1589 3131 1638 3196 16,
1663 3128 1688 3181 1.

412 3240 453 3252 —-
495 3214 540 3270 De
561 3214 627 3268 viris
647 3214 800 3270 illustribus
822 3232 884 3287 cap.
908 3214 948 3271 38
1020 3254 1472 3273 ........
1546 3214 1616 3283 989,
1642 3214 1688 3269 94.

410 3326 453 3339 -
497 3298 762 3356 neviesmtmm
766 3333 1279 3357 .........
1293 3287 1342 3354 '.
1399 3339 1407 3355 .
1462 3342 1469 3357 .
1545 3301 1637 3369 1732,
1661 3298 1688 3351 a.

410 3414 453 3425 —
496 3383 621 3454 Epistola
642 3385 678 3440 ad
699 3384 906 3443 Demetriadem
955 3422 1469 3441 .........
1565 3384 1637 3453 994,
1661 3383 1688 3436 5.

411 3497 451 3509 -
495 3468 622 3539 Epistola
642 3470 678 3525 ad
700 3470 884 3529 Domuionem
890 3510 1469 3527 ..........
1566 3472 1613 3537 16,
1641 3468 1688 3524 19.

410 3581 452 3595 -
494 3554 621 3623 Epistola
642 3555 678 3610 ad
700 3556 880 3613 Eustochium
1544 3556 1636 3625 1383,
1662 3553 1688 3608 7.

409 3666 453 3679 -
495 3638 622 3708 Epistola
642 3641 678 3695 ad
699 3640 871 3713 Evangelnm
892 3678 1470 3697 ..........
1587 3642 1637 3711 16,
1663 3638 1689 3693 9.

409 3752 452 3763 -
494 3724 621 3795 Epistola
641 3726 678 3781 ad
699 3725 844 3783 Fabiolam
891 3762 1344 3781 ........
1416 3726 1487 3795 8,44
1511 3724 1539 3783 3.
1563 3726 1637 3809 865,
1662 3726 1690 3779 9.

410 3834 451 3849 -·
494 3808 622 3880 Epistola
643 3812 679 3866 ad
700 3810 814 3866 buriam
828 3847 1471 3870 ...........
1566 3792 1639 3885 174,
1664 3812 1691 3864 6.

407 3920 450 3933 -·
492 3896 536 3949 Ex
558 3895 675 3966 epistola
697 3897 733 3951 ad
755 3898 869 3952 Furiam
889 3928 1470 3955 ..........
1564 3896 1639 3967 948,
1664 3894 1692 3950 7.

409 4006 443 4019 -·
492 3980 619 4051 Epistola
640 3982 677 4037 ad
698 3982 880 4040 Heliodorum
1563 3980 1638 4053 865,
1664 3984 1692 4035 1.

407 4092 449 4106 -·
493 4064 620 4136 Epistola
640 4068 677 4123 ad
698 4067 857 4123 Helvidium
889 4104 1467 4127 ..........
1564 4069 1637 4137 967,
1662 4066 1691 4121 4.

406 4180 451 4195 -·
492 4151 620 4220 Epistola
640 4154 676 4208 ad
697 4152 840 4209 lulianum
861 4154 960 4209 ducem
983 4152 1129 4225 Aquileiae
1144 4189 1469 4211 ......
1564 4152 1638 4223 954,
1663 4152 1692 4207 3.

406 4262 451 4279 -
492 4236 620 4308 Epistola
640 4238 677 4293 ad
698 4238 859 4295 Marcellam
888 4274 1469 4295 ..........
1542 4240 1638 4308 1005,
1664 4239 1692 4292 1.

407 4350 448 4363 -·
490 4321 620 4393 Epistola
640 4324 676 4378 ad
697 4329 813 4379 mahom
835 4329 864 4379 et
883 4322 1000 4379 filiam
992 4344 1021 4380 m
1043 4324 1136 4381 Gallia
1157 4332 1404 4381 commorantes.
1460 4362 1467 4379 .
1562 4324 1637 4393 174,
1664 4324 1693 4378 9.

407 4434 447 4447 -·
490 4406 617 4477 Epistola
638 4410 674 4463 ad
695 4408 883 4480 Nepotianum
952 4448 1469 4466 .........
1562 4409 1639 4479 844,
1664 4409 1693 4463 5.

406 4518 448 4533 -
490 4492 533 4547 Ex
554 4493 672 4563 epistola
693 4495 728 4549 ad
750 4494 937 4565 Nepotianum
955 4532 1467 4552 .........
1520 4494 1613 4563 1488,
1642 4494 1695 4549 99.

405 4604 448 4618 -
489 4577 617 4650 Epistola
637 4580 675 4635 ad
694 4580 841 4651 Riparinm
887 4616 1467 4635 ..........
1563 4580 1613 4649 16,
1641 4579 1694 4634 95.

406 4691 445 4702 -
489 4663 616 4735 Epistola
637 4666 673 4720 sd
694 4663 826 4721 Rufinum
887 4702 1466 4724 ..........
1542 4664 1639 4732 1005,
1666 4664 1695 4719 7.

323 4763 328 4779 ’
405 4776 446 4787 -
488 4748 616 4821 Epistola
636 4752 677 4809 ad
697 4750 843 4808 Buaticum
863 4750 1030 4807 monachum
1079 4789 1467 4807 .......
1542 4751 1639 4819 1759,
1665 4751 1695 4805 4.
