3709 5734
238 557 403 615 965-968
831 554 892 622 ¹37

276 746 386 804 tentiae.
420 744 531 823 Incip.:
550 734 655 805 ‘Cuius
677 745 741 805 uita
761 743 856 824 proba
876 747 940 805 cst’
972 744 1078 826 Expl:
1096 736 1199 826 ‘digne
1218 744 1287 809 bibe
1302 750 1422 809 uinum?
1465 751 1525 809 De·

278 831 325 889 nis
347 830 373 901 I,
395 830 603 889 DCXXXVI.

203 952 265 1009 966.
277 946 398 1031 [Theol.
415 946 501 1032 331.]
525 971 563 1009 m.
585 949 627 1009 X.
652 952 701 1009 61.
724 951 743 1009 Ι.
811 952 948 1031 1.)1·-
909 950 994 1011 -59.
1039 952 1175 1031 Epistola
1197 952 1234 1013 da
1252 954 1372 1031 pietate,
1395 964 1526 1035 utputet

274 1036 418 1094 Denisius
441 1036 578 1114 discipuli
598 1035 732 1109 Alcnini,
754 1036 879 1097 fortasse
893 1038 1023 1097 Arnonis
1046 1038 1259 1118 archiepiscopi
1282 1037 1524 1140 Salisburgensis.

276 1122 389 1199 Incip.:
424 1120 634 1181 Dilectissimis
661 1122 766 1181 filiis'
757 1144 788 1181 ιιι
811 1122 928 1183 Christo
959 1124 1138 1203 alpinis...
1182 1124 1287 1203 Expl:
1306 1117 1467 1185 karissimi
1490 1147 1525 1185 ac

276 1206 558 1265 desiderantissimi.
623 1207 666 1310 2.)
690 1210 828 1267 6·-·.24
873 1210 1034 1281 ΑΙιιιίιιιιι,
1065 1208 1234 1287 Disputatio
1256 1230 1421 1313 puerpmm.
1465 1210 1524 1271 Ini-

274 1293 348 1351 tium
372 1291 465 1351 deest
503 1292 614 1371 Incip.:
644 1285 687 1352 et
709 1294 779 1373 qnia
799 1294 930 1353 humana
951 1254 1167 1373 fragilitas..)
1200 1295 1306 1373 Expl..
1338 1289 1433 1375 signo
1457 1318 1524 1356 con-

274 1378 417 1437 stituere’
475 1378 517 1457 3.)
535 1381 588 1436 24·
589 1381 695 1437 -26·.
732 1379 826 1452 Idem,
849 1380 985 1459 Epistola
1007 1380 1045 1439 ad
1059 1380 1204 1439 Karolum
1218 1381 1369 1458 Magnum.
1406 1382 1522 1461 Opp.,I

277 1465 387 1534 1,.’85
457 1463 501 1543 4.)
525 1465 580 1523 26·
580 1462 688 1523 -269,
731 1464 892 1525 Hrsbenus
921 1466 1060 1537 Maurus,
1094 1466 1231 1545 Epistola
1262 1466 1301 1525 ad
1329 1468 1522 1541 Isanbertum,

275 1508 336 1628 qda
365 1548 487 1610 illudI.
509 1549 601 1627 Reg,
631 1547 704 1629 Cap.
729 1553 764 1623 2,
787 1551 825 1609 V.
850 1553 906 1611 15:
936 1542 974 1610 ‘si
1006 1552 1175 1631 peccaverit
1204 1553 1286 1612 vis..
1301 1554 1522 1633 ,ἰιιιιοιιὶιιιι.

275 1635 387 1713 Incip:
398 1625 484 1693 Non
495 1635 802 1712 rgrtnreomodo...
822 1628 954 1715 Expl.:‘
958 1657 1056 1716 poena
1070 1636 1244 1716 discipline
1301 1600 1344 1717 5.)
1362 1639 1522 1700 269-27·.

273 1720 412 1798 Epistola
432 1720 539 1779 Karoli
560 1720 663 1798 Magni
685 1721 723 1795 sd
745 1722 915 1782 Alcuinum.
954 1722 1076 1781 Alcuini
1094 1722 1171 1802 Opp.
1187 1724 1211 1796 Ι,
1237 1727 1264 1782 1.
1288 1726 1337 1786 88.
1371 1716 1525 1785 ‘Peruenit

275 1806 315 1864 ed
347 1826 403 1865 nos
437 1806 635 1885 epistole...
715 1807 757 1887 6.)
788 1810 828 1866 27
831 1807 951 1867 -·279.
1006 1808 1204 1870 Enumeratio
1231 1819 1365 1870 autorum
1396 1811 1523 1889 symboli

271 1892 451 1992 Apostolici.
502 1891 611 1971 Incip..
636 1882 743 1971 ‘Igitur
770 1894 849 1973 quod
883 1896 1018 1972 superius
1052 1895 1210 1954 omisimus'
1240 1893 1287 1977 [cf.
1312 1893 1374 1977 2.)].
1419 1897 1522 1975 Expl:

271 1967 377 2035 vitam
410 1986 550 2037 aternam
587 1979 693 2036 amen!
780 1981 821 2060 7.)
856 1980 1018 2038 279-28·.
1078 1978 1238 2085 Gregorius
1271 1980 1397 2059 Magnus
1430 1982 1522 2061 Papa,

275 2062 489 2141 Fragmentum
512 2063 639 2122 homiliae
661 2064 740 2122 IX
732 2085 762 2122 ιιι
784 2064 983 2124 Ezechielem.
1018 2065 1128 2145 Incip.:
1153 2056 1306 2125 Ezechiel
1329 2067 1441 2147 itaque,
1435 2069 1522 2211 ,ιιιιί

275 2169 335 2207 non
351 2148 504 2209 solum...
513 2149 573 2208 ἰι
586 2150 667 2207 finit:
684 2141 845 2209 licentiam
859 2152 938 2211 mele
954 2151 1061 2229 agendi
1076 2152 1229 2229 prestant!
1293 2152 1335 2232 8.)
1359 2152 1454 2211 289-
1459 2152 1513 2211 29

275 2232 306 2292 S.
329 2233 472 2293 Aurelios
493 2235 697 2313 Augustinus,
710 2234 932 2337 Fragmentum
955 2238 1051 2316 operis
1074 2237 1112 2295 de
1135 2237 1268 2295 doctrina
1290 2236 1464 2309 christiana,
1494 2248 1524 2298 ιι

275 2320 396 2400 quidem
418 2320 547 2379 LibriI.
581 2321 692 2399 Incip:
710 2312 865 2401 Quisquis
898 2343 969 2400 ergo
1000 2330 1080 2381 recte
1102 2322 1256 2399 diligit...
1264 2324 1324 2382 ’et
1346 2324 1439 2403 expl:
1459 2316 1522 2383 ‘·ad

273 2405 380 2465 herere
402 2407 549 2484 potuerit’
615 2407 657 2487 9.)
682 2407 844 2466 30-339.
895 2408 1041 2467 Caesarius
1074 2410 1246 2507 episcopus,
1280 2408 1461 2468 Ammonitio
1484 2410 1522 2469 ds

275 2493 439 2569 pernitiosa
467 2492 682 2564 familiaritate,
712 2512 765 2551 seu
793 2494 997 2554 conservanda
1027 2494 1205 2572 virginitate.
1274 2495 1336 2575 10.)
1359 2495 1454 2555 339-
1459 2498 1522 2555 34·.

275 2577 431 2649 Aloninns,
454 2578 591 2679 Epistola
611 2578 650 2637 ad
671 2536 823 2637 limonem
847 2579 1100 2659 archiepiscopum
1124 2578 1388 2658 salisburgensem,
1412 2580 1449 2640 de
1471 2602 1522 2641 na-

272 2670 339 2721 tura
362 2674 393 2722 et
414 2664 548 2741 personis
571 2663 688 2723 divinis.
757 2666 818 2744 11.)
848 2666 903 2723 34·
905 2664 1012 2724 -589,
1056 2665 1208 2744 Excerpta
1229 2667 1313 2725 varia
1335 2686 1373 2725 ex
1397 2666 1522 2727 diversis

272 2748 394 2808 Petrum
417 2750 542 2827 scriptis,
565 2750 715 2850 precipue
736 2749 896 2827 Augustini
919 2760 949 2810 et
972 2748 1108 2827 Gregorii
1130 2751 1240 2830 Magni.
1273 2752 1381 2831 Incip.:
1402 2742 1522 2812 Omnia

270 2844 408 2897 uestra..
422 2836 497 2896 .’et
515 2835 610 2913 expl:
631 2827 716 2894 ‘illud
722 2837 879 2935 scripturn
902 2838 964 2896 est'
1033 2836 1094 2915 12.)
1119 2838 1209 2895 59·-
1210 2836 1282 2895 619.
1325 2838 1462 2939 Epistola
1483 2838 1521 2899 do
1576 2884 1584 2891 -

271 2920 375 2978 officiis
399 2883 560 2978 cbristiani.
593 2920 704 2999 incip:
722 2912 875 2981 Humane
903 2922 1035 2981 referunt
1063 2921 1217 2982 littere...
1226 2923 1377 3002 '.:Expl
1397 2916 1521 2983 honore

269 3006 419 3081 gaudere!
467 3006 585 3064 Folium
606 3005 677 3063 folia
698 3016 854 3065 numerata
874 3006 1045 3085 precedens
1068 3008 1264 3085 fragmentum
1286 3017 1393 3066 tractat
1394 3030 1428 3069 us
1446 3010 1520 3086 juri·

270 3090 328 3149 dici
351 3092 491 3149 eontinet.
534 3092 629 3151 Denis
651 3091 676 3162 I,
699 3092 826 3151 DLVII.

107 3197 108 3246 3
196 3210 260 3269 967.
273 3207 357 3293 [Rea
381 3208 490 3294 3069]
514 3233 552 3270 rn.
575 3212 648 3270 XII.
673 3212 765 3271 941.
834 3210 1041 3291 1.1)1·.-519
1085 3212 1115 3272 8.
1140 3214 1358 3292 Hieronymus,
1382 3214 1465 3274 Libri
1488 3216 1520 3275 ΙΙ

107 3297 108 3339 l
270 3306 373 3356 contra
393 3298 597 3357 Jovinianum.
664 3299 706 3378 2.)
729 3296 894 3357 519-599.
939 3298 1037 3369 Idem,
1072 3298 1286 3377 Apologeticus
1316 3301 1353 3361 ad
1384 3300 1518 3361 Pamma-

269 3382 376 3442 chium.
458 3384 500 3462 3.)
531 3382 703 3441 sab-60¹.
759 3381 835 3441 Octo
864 3383 991 3443 disticha
1024 3342 1144 3443 librarii.
1185 3386 1293 3463 Iucip:
1320 3377 1399 3445 ‘Hec
1430 3386 1518 3457 huius

269 3468 335 3526 libri
369 3469 552 3528 demonstrat
580 3470 691 3548 pagine
721 3468 830 3528 finem.
870 3468 977 3548 Erpl:
1005 3460 1056 3529 ‘de
1088 3472 1150 3530 uite
1181 3470 1333 3531 nouellas.’
1400 3472 1442 3553 4.)
1467 3476 1520 3531 60·

268 3554 375 3613 -679,
421 3554 452 3613 8.
479 3555 696 3633 Hieronymus,
730 3555 780 3613 Ad
802 3554 976 3613 Helvidium
1010 3556 1048 3615 de
1079 3554 1108 3615 S.
1132 3556 1235 3615 Maria
1261 3557 1432 3635 virginitate
1454 3580 1518 3637 per-

268 3648 366 3717 petua.
433 3640 476 3720 5,)
500 3638 595 3698 679-
601 3639 664 3697 729.
708 3640 809 3713 Idem,
840 3640 980 3699 Homiliae
1003 3640 1040 3701 ds
1062 3642 1216 3701 nativitate
1240 3642 1366 3717 domini,
1398 3644 1435 3702 de
1457 3646 1517 3723 epi-

268 3724 386 3803 phanis,
411 3726 449 3785 de
472 3726 605 3805 quadrag
606 3726 707 3798 esima,
731 3726 768 3784 de
790 3724 948 3805 paschate,
973 3726 1010 3785 sd
1032 3728 1179 3805 psalmum
1202 3726 1330 3787 CXVII.
1397 3730 1438 3808 6.)
1464 3731 1518 3788 729

269 3810 376 3869 -829
422 3811 600 3883 Bacharius,
624 3812 760 3889 Epistola
782 3812 820 3870 ad
841 3810 1020 3871 Januerium
1043 3812 1080 3872 de
1102 3812 1246 3871 monacho
1243 3813 1361 3915 lapso.
1407 3815 1517 3893 Incip.:

265 3886 471 3956 Benedicto
462 3918 493 3956 ιιι
516 3896 633 3956 Christo
655 3896 746 3955 fratri.
790 3897 857 3955 Nisi
878 3916 1033 3961 uererer.
1064 3898 1214 3977 ’Exph
1243 3889 1365 3979 Sicque
1388 3903 1516 3959 reconci-

271 3982 351 4041 lieris
381 3982 502 4041 domino
528 3991 629 4043 nostro
659 3982 744 4043 ihesu
767 3983 875 4042 cbristo
905 3986 1011 4043 amen)
1057 3982 1101 4043 cf.
1125 3984 1189 4043 cod.
1213 3984 1299 4063 apud,
1313 3985 1516 4059 Denisiuml,

266 4066 379 4126 XCVI.
449 4070 490 4147 7.)
514 4067 680 4127 829-849.
725 4068 834 4127 Literae
855 4068 933 4127 inter
955 4068 985 4127 S.
1007 4068 1133 4127 Paulum
1157 4071 1321 4148 apostolum
1345 4081 1375 4129 ιι
1396 4072 1431 4129 L.
1454 4074 1516 4130 An·
1624 4084 1629 4094 ’

267 4173 364 4212 naemu
378 4152 526 4213 Senecam
548 4174 613 4212 cum
637 4154 808 4232 praefatione
823 4153 854 4212 8.
869 4154 1056 4235 Hieronymi.
1123 4156 1164 4234 8.)
1189 4155 1351 4214 849-86·.
1397 4156 1427 4214 8.
1445 4157 1515 4216 Hie·

266 4258 423 4315 ronymus,
454 4238 557 4298 Sermo
588 4240 626 4297 de
647 4238 910 4318 persecutionibus.
988 4241 1030 4321 9.)
1054 4242 1142 4299 86⁸-
1145 4242 1213 4298 91·.
1258 4242 1330 4319 Hug
1311 4262 1348 4299 vo
1371 4240 1441 4299 aS.
1464 4243 1516 4301 Vi-

268 4332 356 4395 ctore,
380 4325 429 4384 De
450 4326 561 4383 virtute
583 4326 732 4384 orationis.
801 4324 862 4403 10.)
886 4326 941 4383 91·
942 4328 1047 4385 -94·.
1093 4324 1330 4397 SAthanasius,
1354 4326 1402 4385 Dc
1418 4326 1516 4387 obser·
1549 4344 1554 4355 “

265 4410 388 4469 vatione
407 4410 627 4469 monachorum.
696 4412 758 4513 11.)
782 4412 844 4469 94.
889 4410 1066 4485 Quindecim
1098 4412 1183 4490 signa
1212 4412 1367 4470 duodecim
1401 4412 1515 4473 dierum

266 4503 337 4553 ante
358 4497 560 4555 novissimum.
594 4496 704 4575 Incip.:
722 4488 802 4556 Hae
822 4506 891 4556 sunt
912 4497 974 4556 XV
997 4498 1099 4574 signa)
1137 4496 1241 4575 Expl:
1267 4490 1417 4556 ‘nascetur
1440 4500 1513 4557 auti-

267 4580 411 4640 christus!
452 4582 549 4642 Derris
570 4580 611 4652 11,
635 4580 771 4642 ccclx.

191 4697 254 4755 968.
268 4696 387 4780 [ΤΙιιοΙ.
410 4699 496 4785 343]
531 4722 570 4761 m.
599 4702 656 4761 XI.
681 4704 730 4761 90.
763 4702 784 4761 f.
852 4704 934 4781 1.)1
919 4705 1055 4763 1··-89.
1101 4704 1228 4782 Prosper
1250 4704 1434 4785 Aquitanas,
1466 4704 1514 4764 De

266 4786 332 4844 vitu
351 4789 589 4867 contemplatiss.
655 4789 697 4867 2.)
719 4790 783 4848 90·.
827 4789 964 4869 Epistola
986 4789 1019 4849 0.
1044 4788 1072 4868 (i
1089 4788 1217 4849 Conradi
1240 4790 1267 4869 I)
1292 4790 1514 4869 salzpurgensis
