3709 5734
989 572 1036 640 8⁰
1462 579 1632 635 rar-aes

428 785 517 836 setar.
551 771 658 847 Incip:
683 765 885 824 ‘Lodonrerius
907 763 1096 822 miseratione
1118 763 1219 821 diuina
1241 764 1451 841 strigoniensis
1474 766 1599 824 ecclesie
1620 765 1675 824 mi-

428 865 520 921 nister
549 855 730 916 humillimus
764 871 829 909 cuia
860 869 974 907 summa
1002 848 1171 907 obedientia
1193 861 1223 907 at
1244 848 1411 908 reuerentia
1433 849 1542 909 denota
1562 850 1674 929 padum

430 948 543 1008 osculo.
558 990 564 1001 .
580 943 602 1002 .'
626 949 656 1000 et
677 938 772 1017 expl.:
797 936 915 994 'Datum
939 935 1080 1010 Strigonii
1106 935 1138 992 in
1170 934 1245 994 festo
1267 935 1420 994 beatorum
1442 937 1518 1014 petri
1540 946 1570 995 et
1591 936 1673 1016 pauli

428 1029 645 1114 apostolorum.a
712 1025 753 1102 3.)
779 1021 862 1079 libb.
907 1021 1042 1098 Epistola
1063 1019 1208 1078 Ludovici
1230 1020 1246 1078 l
1268 1022 1346 1097 regis
1368 1021 1530 1098 Hungariae
1552 1023 1591 1081 ad
1612 1042 1675 1081 mg.

428 1131 502 1179 trem
521 1111 724 1176 Elisabetham
745 1107 877 1166 Poloniae
899 1106 1041 1182 reginam,
1064 1125 1187 1164 uxorem
1208 1105 1330 1164 Roberti
1352 1107 1430 1183 regis
1451 1106 1592 1179 Polouiae,
1615 1127 1677 1186 qna

429 1207 457 1266 ei
482 1202 614 1270 nuntiat,
649 1217 682 1256 se
703 1193 852 1273 impediri,
877 1192 1032 1270 quominus
1056 1200 1179 1249 matrem
1201 1192 1319 1249 invisat.
1363 1192 1475 1269 Incip:
1504 1191 1676 1251 ‘Carissime

429 1291 514 1350 matri
537 1306 590 1346 sue
619 1281 736 1344 domine
758 1280 794 1338 E.
817 1279 851 1336 B.
875 1285 905 1336 et
926 1277 960 1334 P.
983 1277 1084 1353 regine
1106 1277 1141 1334 L.
1164 1277 1336 1336 reuerencia
1364 1277 1465 1335 debita
1497 1298 1564 1336 cum
1597 1277 1675 1337 desi-

429 1377 510 1436 derio
540 1367 750 1448 complacendi.
795 1364 878 1422 Licet
907 1370 992 1440 pater
1021 1363 1195 1421 altissimus.
1210 1408 1216 1420 .
1230 1362 1254 1423 ,³
1285 1372 1316 1421 et
1338 1363 1436 1440 expl.:
1465 1363 1526 1422 ‘ille
1547 1365 1598 1444 qui
1619 1383 1675 1422 nos

429 1467 574 1546 portasset
596 1457 626 1514 in
648 1453 760 1532 gremio
783 1459 812 1510 et
834 1471 872 1508 cx
894 1449 1012 1526 proprio
1035 1449 1115 1506 iussu
1137 1447 1345 1526 produxisset?
1399 1449 1510 1506 Datum
1543 1449 1677 1528 epistalae

429 1567 544 1608 erasum
578 1550 631 1601 est.
676 1537 816 1618 Sequitur
837 1534 975 1615 praecatio
1008 1544 1073 1592 octo
1102 1533 1260 1606 linearum,
1283 1533 1393 1591 nullius
1415 1535 1564 1593 momenti.
1630 1535 1675 1612 4.)

432 1630 632 1692 rra-227³.
677 1621 842 1684 Richardus
872 1619 909 1678 de
931 1619 1024 1690 Pofis,
1054 1617 1175 1676 Summa
1206 1618 1389 1691 dictaminis,
1421 1628 1555 1678 extracta
1584 1641 1601 1678 e
1629 1641 1676 1678 re.

428 1718 526 1798 gistris
554 1713 703 1792 papalium
734 1709 916 1768 dominorum
949 1705 968 1762 i.
992 1725 1017 1763 e.
1039 1704 1164 1776 Urbani,
1198 1701 1359 1764 Clementis
1386 1713 1417 1764 et
1439 1706 1562 1764 aliorum
1583 1725 1676 1784 papa-

429 1825 502 1863 rum.
547 1799 656 1876 Incip:
681 1795 875 1854 ‘Nouitiarum
898 1790 996 1848 studia
1016 1790 1146 1849 Januam
1170 1789 1226 1848 sibi
1249 1791 1429 1868 cupientium
1452 1792 1559 1869 aperiri
1582 1791 1675 1850 dicta·

429 1890 503 1948 torie
537 1883 683 1944 facultatis
717 1882 794 1938 circa
826 1877 940 1936 stilum.
955 1923 962 1936 .
976 1875 1000 1936 .'
1035 1884 1064 1934 et
1097 1875 1195 1953 expl:
1229 1875 1277 1934 ‘ad
1313 1877 1474 1935 curandum
1504 1877 1676 1935 uniuersale

430 1975 590 2035 dominium
629 1967 725 2046 gratia
761 1963 854 2022 sancti
891 1962 1009 2039 spiritus
1047 1961 1231 2019 effundatur)
1312 1961 1353 2040 5.)
1389 1965 1473 2019 227·.
1532 1962 1675 2022 Formula

430 2055 720 2120 Excomunicationis
750 2059 778 2109 et
800 2047 1117 2107 Anatlrcmatiaationis
1139 2055 1240 2104 contra
1261 2055 1393 2124 raptores
1416 2057 1447 2106 et
1468 2047 1676 2106 incendiarios,

429 2149 537 2224 Incip:
576 2140 667 2215 ‘Quos
705 2134 880 2196 detestanda
909 2131 1075 2190 immanitas
1105 2139 1135 2189 et
1170 2131 1352 2190 exsecranda
1387 2152 1442 2210 par
1477 2134 1617 2192 uersitas.
1631 2181 1638 2193 .
1652 2132 1677 2194 .’

430 2243 460 2293 et
487 2229 584 2309 capi:
619 2229 661 2284 ‘se
695 2222 832 2282 narrerint
865 2238 988 2277 censure
1023 2216 1122 2294 gladio
1156 2217 1322 2275 feriendos)
1403 2218 1444 2298 6.)
1472 2221 1547 2275 22Ῥ
1604 2220 1677 2277 For.

430 2319 511 2380 mula
541 2311 687 2393 epistola,
721 2307 822 2385 gratiae
856 2303 999 2363 testandae
1021 2323 1124 2374 causa,
1158 2323 1211 2380 pro
1240 2301 1395 2379 largitione
1417 2304 1532 2382 scyphi.
1561 2305 1675 2382 Incip:

431 2406 489 2463 ‘De
512 2401 597 2480 cipho
621 2415 707 2476 quem
727 2391 812 2451 nobis
828 2391 989 2468 paternitas
1005 2397 1105 2447 vestra
1119 2409 1172 2466 per·
1187 2387 1276 2446 talem
1291 2389 1426 2446 nuntium
1441 2409 1526 2448 suum
1541 2393 1678 2449 transmi-

432 2491 505 2549 sit..
520 2489 542 2546 ,⁴
566 2476 711 2560 et'expla
740 2476 881 2555 ‘negociis
904 2476 1011 2534 nastris
1034 2473 1210 2553 peragendis
1244 2473 1368 2532 sollicite
1390 2495 1422 2534 se
1449 2475 1553 2534 habuit
1573 2471 1678 2554 inpen-

429 2571 567 2636 dentem)
635 2569 676 2646 7.)
701 2563 904 2624 wib—228⁸.
956 2561 1080 2639 Aliquot
1107 2557 1229 2618 exordia
1256 2559 1419 2618 litterarum
1441 2562 1621 2640 pappalimn‚
1645 2573 1680 2620 ut

430 2681 483 2740 pro
504 2655 711 2718 communitate
734 2649 783 2709 vel
806 2648 940 2718 ciuitate,
965 2666 1017 2724 pro
1034 2645 1156 2714 clericis,
1179 2664 1232 2721 pro
1255 2645 1379 2723 captivis
1402 2655 1457 2704 etc.
1523 2648 1565 2725 8.)
1590 2648 1677 2706 2282.

429 2747 543 2805 Littera
580 2737 728 2820 praepositi
765 2733 896 2806 ecclesia}
934 2731 1096 2808 collegiatae
1133 2731 1162 2787 S.
1199 2729 1281 2788 Petri
1316 2731 1347 2788 in
1379 2731 1512 2808 Posaga,
1550 2733 1677 2794 diocesis

432 2823 759 2909 Quinqucccolesiensis
782 2817 953 2894 Hungariae.
998 2817 1107 2894 lncip.:
1138 2815 1265 2874 ‘Inteute
1288 2817 1534 2876 consideracionis
1557 2819 1677 2877 aciem.

432 2917 523 2978 animi
544 2915 705 2972 uirtutem.
721 2903 925 2966 sollicitudinis
949 2911 1049 2960 nostre
1070 2901 1213 2960 stadium.
1228 2947 1236 2962 .
1250 2901 1273 2959 .'
1307 2910 1337 2960 et
1358 2903 1453 2980 expl:
1485 2902 1532 2961 ‘ab
1555 2905 1678 2963 exordio

431 3023 484 3064 sue
517 2995 711 3060 institucionis
742 2989 903 3050 dinoscitur
924 2987 1082 3046 habuisse)
1148 2986 1190 3065 9.)
1214 2984 1298 3044 2282.
1342 2987 1550 3060 Lodomerius,
1583 2990 1678 3048 archi.

431 3090 586 3169 episcopus
610 3077 831 3158 strigoniensis,
862 3073 978 3133 ordinat
1000 3072 1238 3151 praedicationem
1259 3071 1342 3131 verbi
1364 3073 1458 3131 crucis
1481 3082 1583 3133 contra
1603 3076 1678 3134 Tar-

432 3186 520 3244 taros,
544 3170 716 3236 Saracenos,
741 3161 888 3222 Cumanos
905 3167 934 3218 et
948 3158 1123 3236 Ncugarios.
1161 3157 1270 3235 lucip:
1294 3157 1351 3216 ‘De
1367 3157 1477 3216 directo
1494 3158 1579 3219 nobis
1595 3206 1602 3218 .
1619 3205 1627 3218 .
1644 3207 1651 3218 .
1669 3205 1676 3219 ,

431 3282 484 3340 per
505 3259 606 3316 literas
628 3250 805 3328 multiplices
839 3255 868 3304 et
897 3245 1029 3303 diuersas
1052 3242 1191 3302 mandato
1220 3243 1381 3320 apostolico
1403 3243 1441 3301 ad
1463 3244 1677 3322 predicandum

430 3345 553 3406 uerbum
581 3339 675 3399 crucis
699 3343 800 3394 contra
820 3333 996 3390 Tartaros..
1013 3331 1034 3388 .'
1057 3337 1087 3387 et
1109 3328 1205 3405 expl:
1230 3327 1367 3387 ‘dimissis
1396 3329 1542 3390 erroribus
1569 3331 1677 3390 firmati

431 3433 595 3490 clarescent
622 3433 651 3483 et
678 3426 841 3498 appareant
871 3415 900 3473 in
928 3415 987 3473 fide
1003 3459 1010 3470 .
1027 3415 1204 3472 immitentes
1236 3413 1348 3472 lumina
1371 3415 1435 3474 ueri
1456 3416 1548 3474 solis)
1593 3417 1678 3476 Wat·

433 3513 559 3576 tenbach
584 3513 633 3590 10,
656 3508 727 3566 519.

347 3643 420 3714 4'82.
435 3651 527 3735 [Hist.
550 3647 623 3726 prof.
648 3637 733 3724 632]
756 3661 794 3699 nr.
818 3637 874 3696 IX.
898 3640 948 3696 87.
973 3635 1018 3695 4⁰.
1087 3639 1127 3717 1.)
1153 3638 1291 3696 12-59b.
1348 3637 1560 3716 Fredegarius,
1585 3641 1678 3702 Chm.

432 3740 506 3796 nicae
529 3733 593 3792 Lib.
620 3730 709 3788 1-3.
776 3725 818 3804 2.)
842 3724 1003 3782 59¹¹-61s
1055 3722 1182 3797 Quintus
1205 3725 1305 3783 Julius
1322 3725 1503 3797 Hilarianus,
1526 3727 1618 3787 Liber
1640 3729 1678 3788 de

434 3843 521 3884 cursu
542 3832 715 3896 temporum.
782 3814 823 3888 3.)
847 3809 1053 3887 Fredegarius,
1077 3807 1231 3867 Chronica
1253 3809 1328 3868 liber
1349 3819 1479 3889 quartus.

347 3967 418 4025 483.
434 3956 554 4044 [salisb.
570 3949 656 4034 410.]
680 3973 718 4010 m.
741 3949 782 4008 X.
805 3950 855 4007 86.
878 3947 897 4004 f.
941 3947 1012 4005 Vita
1027 3944 1057 4004 S.
1074 3944 1229 4018 Germani,
1251 3947 1404 4025 parisiaoae
1425 3947 1506 4008 urbis
1528 3952 1678 4026 antistitis,

434 4066 500 4106 cum
522 4039 713 4100 translatione
736 4034 864 4112 corporis
887 4032 1028 4110 ejusdcm.

348 4191 420 4248 484.
436 4183 529 4268 [Hist.
554 4179 658 4240 eccles.
682 4169 746 4256 95.)
771 4193 808 4230 m.
831 4171 888 4228 XI.
914 4171 963 4227 77.
987 4170 1032 4226 4⁰.
1101 4169 1141 4247 1.)
1167 4168 1228 4225 1¹¹-
1243 4171 1305 4227 20³.
1349 4170 1452 4229 Passio
1470 4171 1499 4229 S.
1516 4173 1679 4234 Valeriani.

436 4271 477 4351 2.)
513 4261 677 4326 aaa-25¹³.
736 4259 839 4316 Passio
870 4255 900 4313 S.
929 4254 1072 4312 Marcelli.
1122 4255 1234 4332 Incip:
1269 4255 1449 4314 ‘Passionem
1481 4257 1511 4315 S.
1544 4259 1680 4321 Marcelli

434 4353 572 4433 ruamyris
595 4351 678 4427 cujus
699 4344 908 4424 patrocinium.
922 4386 929 4401 .
943 4343 968 4400 .'
991 4350 1021 4398 et
1043 4339 1137 4417 exple
1160 4341 1332 4400 ‘devocione
1347 4349 1377 4400 et
1390 4341 1527 4402 laudibus
1541 4344 1681 4425 frequen-

433 4453 537 4510 tamus,
561 4441 711 4516 prestante
733 4430 851 4488 domino
873 4435 987 4484 nostro.
1002 4469 1009 4482 .
1024 4425 1046 4482 .'
1112 4424 1154 4504 3.)
1179 4428 1337 4484 26³-77⁸‚
1392 4428 1464 4485 Vita
1485 4438 1515 4486 et
1536 4432 1681 4491 miracula

437 4529 467 4586 S.
491 4522 640 4590 Filiberti,
676 4515 800 4576 abbatis.
845 4512 954 4589 Incip:
986 4510 1119 4568 ‘Inclitus
1148 4510 1198 4569 ille
1231 4511 1340 4570 arbiter
1362 4513 1392 4569 in
1415 4513 1497 4572 cuius
1520 4515 1609 4575 laude
1632 4539 1678 4577 so·

434 4611 591 4689 lempuiter
614 4611 779 4664 sanctorum
803 4597 908 4656 chorus
931 4595 1105 4674 preclamat.
1120 4645 1127 4657 ,
1142 4597 1165 4656 ,³
1189 4605 1219 4654 et
1235 4597 1332 4675 expl:
1357 4600 1508 4658 ‘annotare
1530 4601 1678 4661 [mlum.

434 4709 502 4756 ante
525 4715 571 4754 me
595 4693 658 4750 dies
681 4707 768 4766 quma
791 4683 933 4742 miracula
954 4680 1110 4738 delicient'
