3709 5734
977 577 1000 646 8
1480 575 1607 635 52-58

408 782 455 832 tur
478 773 615 830 continuo
637 772 696 830 alia
717 790 821 842 manu,
856 787 940 848 quae
942 777 1041 827 tamen
1063 767 1195 846 ejusdem
1225 767 1366 870 temporis
1395 786 1461 826 ease
1483 766 1601 825 videtur
1622 775 1653 825 et

408 857 526 939 quidem
549 856 765 916 characteribus
786 813 947 914 minoribus
970 853 1116 932 adecdpta
1138 853 1220 912 hee.
1240 843 1281 912 ‘et
1303 855 1473 931 episcopum
1494 852 1532 912 de
1553 853 1654 930 grecia

412 943 632 1043 etpiagistrum
654 941 818 1001 durandum
842 941 878 999 de
901 940 1060 1018 alumpnia,
1082 940 1207 997 latinum
1233 946 1451 1017 procuratorem
1477 946 1549 996 tnnc
1580 949 1652 998 tem·

407 1030 487 1128 poris
509 1029 540 1086 in
562 1029 643 1086 curia
665 1047 793 1086 romana.
817 1034 914 1084 actum
926 1025 1075 1084 Ananis
1066 1046 1097 1082 m
1118 1043 1221 1084 mense
1243 1025 1368 1099 augusti,
1391 1031 1463 1102 pont
1451 1023 1577 1082 titicatus
1601 1024 1651 1082 do·

407 1115 479 1174 mini
501 1112 674 1172 bonifaciiss
698 1133 774 1170 auno
789 1133 883 1190 primo
899 1113 963 1170 ιιι
979 1112 1030 1190 qui
1052 1120 1097 1169 ιιι
1111 1130 1205 1168 annus
1224 1111 1313 1167 1295
1380 1108 1421 1210 5.)
1449 1111 1520 1166 128·
1522 1109 1650 1167 -.1882

407 1200 478 1258 Alia
499 1219 606 1258 manu.
630 1197 729 1256 Aristo
732 1197 814 1268 t,eles
837 1197 1009 1254 Ethicorum
1031 1196 1098 1255 libri
1123 1194 1365 1274 1—10.Incip.:
1394 1184 1511 1253 Omnis
1545 1215 1592 1252 ars
1623 1205 1653 1254 et

410 1285 504 1344 omnis
527 1284 660 1342 doctrina
682 1283 816 1342 similiter
838 1289 936 1340 autem
959 1291 988 1340 et
1010 1290 1091 1344 actus
1115 1289 1144 1340 et
1132 1281 1270 1340 telectio
1293 1279 1401 1338 bonum
1431 1279 1570 1360 quiddam
1601 1301 1652 1359 ap-

408 1379 460 1449 pet
461 1390 511 1429 ere
523 1369 671 1428 videntur'
695 1377 724 1427 ct
739 1368 862 1446 explic:
882 1359 935 1425 Et
957 1367 1051 1447 qualis
1074 1367 1177 1444 politia
1192 1367 1311 1444 optima,
1335 1375 1364 1423 et
1379 1365 1472 1444 qualit
1474 1385 1506 1423 er
1520 1386 1651 1465 unaqua-

406 1476 464 1536 que
487 1455 621 1514 ordinata
642 1463 672 1512 et
694 1453 799 1534 quibus
821 1451 937 1530 legibus
960 1451 1220 1511 consuetudinibus
1243 1459 1329 1509 utens
1344 1450 1475 1509 dicamus
1498 1451 1587 1528 igitur
1608 1453 1651 1510 in·

406 1541 559 1642 cipientes.
582 1540 732 1618 Explicit)
776 1539 812 1596 In
834 1539 893 1597 fine
927 1537 1031 1597 eadem
1062 1558 1152 1596 manu
1180 1537 1319 1614 adscripti
1349 1544 1452 1594 extant
1480 1536 1511 1593 hi
1533 1557 1651 1595 versus:

406 1617 518 1685 Trado
546 1627 592 1683 vir
620 1625 708 1702 digne
737 1623 791 1682 tibi
819 1633 1041 1682 consummata.
1058 1622 1209 1702 henigne.
1226 1621 1390 1701 Supplico.
1401 1629 1500 1681 mente
1529 1623 1580 1699 pia
1601 1631 1653 1680 tua

407 1712 487 1770 mala
508 1711 637 1770 fassa
609 1711 666 1790 pra'
690 1709 766 1790 (sic).

333 1833 383 1892 53.
408 1828 529 1912 [Philus.
554 1827 614 1910 54.)
637 1849 675 1887 m.
698 1828 784 1886 XIV.
810 1830 878 1886 162.
901 1828 920 1886 f.
971 1827 1010 1886 Α.
1032 1828 1072 1886 Μ.
1095 1829 1132 1887 Τ.
1155 1827 1185 1887 S.
1208 1827 1358 1898 Boethius,
1382 1828 1430 1886 De
1452 1828 1652 1887 consolatione

407 1915 628 2061 glglgifflbef
666 1934 732 1974 cum
770 1914 978 1972 commentario
1020 1914 1174 1972 Ptolemaei
1215 1914 1254 1973 de
1288 1913 1444 1972 Asinariis.
1488 1913 1651 1972 Endlicher

332 2123 381 2179 54.
407 2118 527 2202 [Philos.
552 2116 613 2199 60.)
637 2139 675 2176 m.
697 2119 767 2178 XV.
793 2119 862 2176 132.
884 2117 903 2176 f.
928 2137 952 2176 c.
975 2117 1037 2175 init.
1061 2124 1091 2175 et
1112 2117 1235 2195 margin.
1259 2116 1312 2176 col.
1381 2118 1421 2196 1.)
1447 2117 1585 2175 1·-922.
1608 2117 1649 2174 M.

406 2207 560 2264 Vitruvius
580 2203 687 2280 Pollio,
710 2203 932 2274 Architectura,
962 2203 993 2260 in
1023 2203 1171 2280 epitomen
1201 2203 1328 2274 redacta,
1395 2201 1436 2282 2.)
1467 2203 1650 2261 332—13212.

407 2290 507 2363 Idem;
529 2290 577 2348 De
600 2289 795 2348 architectura
816 2287 883 2346 libri
908 2289 956 2346 10.
1000 2287 1162 2347 Endlicher
1184 2288 1321 2346 CLXVI.

1235 2408 1268 2421 ⁸·
1528 2415 1582 2450 a-
1626 2407 1640 2443 b

331 2413 380 2472 ⁵⁵·
404 2407 591 2554 28926
622 2431 666 2554 ι’
680 2411 844 2566 shall.)
870 2409 1041 2553 aare·
1068 2407 1365 2552 talillltdl
1397 2409 1650 2571 ..dr-tt:

405 2581 497 2652 Idem,
520 2581 569 2640 De
580 2581 700 2639 musica.
760 2581 801 2660 3.)
826 2583 907 2638 167⁸.
930 2580 1141 2657 Fragmentum
1156 2579 1193 2638 de
1208 2579 1328 2636 musica.
1386 2579 1428 2655 4.)
1449 2579 1650 2636 168·-209·.

404 2665 580 2743 Hugbaldus
603 2666 790 2736 Elnonensis,
812 2667 927 2724 Musica
948 2665 1155 2736 Eucliiriadis,
1184 2673 1214 2723 et
1245 2663 1449 2734 Eucliiriades,
1473 2663 1593 2722 Scholia
1614 2665 1652 2722 de

404 2762 466 2810 arte
488 2753 609 2810 musica
675 2751 716 2828 5.)
742 2751 826 2809 2082.
848 2750 1026 2828 Hugbeldus
1041 2750 1228 2822 limenensis,
1252 2749 1300 2807 De
1319 2749 1431 2807 musica
1444 2748 1650 2823 fragmentum.

403 2837 565 2896 Endlicher
592 2833 782 2896 OCCLXIV.

330 2975 378 3032 56.
404 2971 484 3072 [Rea.
519 2970 601 3053 249.)
632 2993 669 3030 m.
703 2971 772 3030 XV.
797 2969 915 3049 (1465.)
942 2972 1011 3029 134
1037 2971 1056 3028 f.
1081 2991 1105 3029 o.
1135 2971 1198 3029 init
1232 2971 1286 3030 eol.
1312 2980 1341 3029 et
1367 2977 1477 3028 anreat
1504 2989 1560 3028 nec
1589 2991 1649 3029 non

403 3059 472 3116 min.
541 3059 581 3137 1.)
615 3061 645 3116 1·
647 3059 772 3116 -124·.
802 3057 837 3114 L.
860 3057 993 3116 Annaeua
1016 3056 1145 3128 Seneca,
1170 3049 1311 3134 Epistola
1333 3056 1371 3114 ad
1386 3056 1542 3113 Lucilium.
1609 3057 1650 3140 2.)

406 3143 609 3204 lale-125¹).
647 3143 744 3212 Idem,
769 3143 911 3220 Epistola
936 3143 974 3202 ad
1000 3143 1140 3214 Paulum,
1164 3151 1194 3201 et
1218 3143 1303 3201 Pauli
1327 3141 1366 3201 ad
1388 3142 1541 3200 Senecam.
1608 3143 1650 3219 3.)

405 3227 607 3287 1252-129·.
638 3228 773 3287 Pseudo·
782 3227 910 3300 Seneca,
941 3228 1032 3288 Liber
1063 3229 1100 3288 de
1130 3229 1302 3306 proverbiis.
1368 3228 1410 3306 4.)
1446 3227 1519 3284 129
1520 3227 1648 3284 —131'

403 3315 547 3372 Martinus
571 3315 743 3372 Dumieneis
773 3333 826 3381 seu
847 3314 1069 3385 Braccarensis,
1100 3314 1233 3372 Libellus
1263 3313 1300 3371 de
1328 3320 1466 3391 quattuor
1492 3311 1651 3370 virtutibus

403 3399 609 3458 cardinalibus.
675 3400 717 3476 5.)
749 3398 953 3457 1312-1332.
1011 3399 1148 3457 Pseudo·
1158 3397 1286 3470 Seneca,
1320 3396 1411 3456 Liber
1444 3396 1481 3456 de
1513 3397 1651 3456 remediis

404 3485 586 3544 fortuitorum
610 3483 648 3542 ad
671 3483 847 3543 Gallionem.
893 3484 1055 3542 Endlicher
1076 3483 1137 3543 CO.

330 3625 379 3680 57.
405 3621 493 3705 [Hist.
517 3623 591 3702 prof.
616 3619 766 3702 230.ιιι.)
797 3622 885 3681 XIII.
911 3623 982 3679 207.
1005 3621 1025 3678 f.
1092 3620 1132 3698 1.)
1159 3625 1189 3678 1·
1192 3621 1317 3678 -185·.
1349 3619 1459 3678 Paulus
1488 3620 1650 3690 Diaconns,

404 3709 536 3766 Historia
551 3707 691 3780 miscella,
709 3729 774 3766 cum
791 3707 1011 3766 continuatione
1024 3705 1203 3784 Landulphi
1270 3706 1311 3785 2.)
1338 3705 1541 3764 18512-205.
1558 3704 1653 3764 Gesta

403 3793 592 3852 Francorum.
660 3793 701 3872 3.)
727 3791 932 3850 203·--267·.
956 3790 1049 3850 Gesta
1070 3791 1248 3850 Theodoiici
1271 3793 1359 3868 regis.
1382 3791 1519 3848 Narratio
1542 3789 1652 3849 desinit

403 3888 546 3948 truncata,
559 3880 624 3956 ipsa
636 3879 840 3937 enunciatione
852 3899 911 3936 non
923 3877 962 3935 ad
974 3877 1061 3936 finem
1073 3877 1224 3955 perducta.
1268 3876 1430 3935 Endlicher
1441 3875 1649 3934 CDXXVIII.

403 3963 602 4023 Waltenbach
625 3964 655 4020 in
677 3963 768 4022 Arch.
795 3966 848 4034 10,
872 3965 957 4021 467..

329 4103 378 4162 58.
403 4101 484 4183 [Rec.
517 4098 599 4180 293.)
630 4122 668 4158 m.
698 4101 738 4160 X.
772 4104 840 4160 177.
872 4101 890 4160 f.
924 4122 949 4160 c.
980 4102 1042 4160 init.
1082 4101 1135 4160 ool.
1173 4112 1203 4160 et
1231 4101 1333 4178 figuris
1362 4101 1475 4159 calamo
1511 4101 1650 4159 exaratis.

406 4188 444 4266 l.)
478 4191 517 4244 1⁸.
545 4187 755 4264 Fragmentum
785 4207 923 4246 versuum
954 4187 992 4245 de
1012 4187 1158 4246 Aeneide.
1226 4188 1267 4265 2.)
1293 4191 1332 4244 1·.
1362 4186 1555 4264 Epitaphium
1583 4187 1650 4244 Vir-

402 4273 474 4350 gilii.
541 4272 582 4351 3.)
608 4271 650 4330 12.
673 4271 839 4332 Duodecim
868 4271 995 4332 disticha
1016 4281 1168 4350 poetarum
1192 4272 1431 4331 scholastieomm
1452 4273 1482 4329 in
1504 4272 1651 4330 tumulum

403 4357 544 4416 Maronis.
610 4357 653 4436 4.)
679 4357 820 4416 12-132.
844 4358 878 4416 P.
900 4358 1044 4435 Virgilius
1066 4357 1158 4430 Maro,
1181 4359 1330 4416 Bucolica.
1361 4358 1435 4416 Haec
1450 4365 1480 4416 et
1496 4358 1652 4436 sequentia

313 4431 319 4444 ’
403 4443 533 4502 carmina
567 4443 626 4500 alia
661 4463 751 4502 mann
787 4444 919 4522 ejusdem
956 4443 1057 4502 saculi
1092 4443 1373 4502 annotationibus
1366 4463 1397 4500 m
1429 4443 1563 4520 margine
1599 4443 1651 4501 ed-

402 4529 518 4607 scriptis
533 4528 678 4588 illustrata
693 4536 769 4586 sunt.
836 4531 877 4608 5.)
906 4529 1066 4587 132-442.
1100 4529 1193 4601 Idem,
1217 4528 1428 4604 Georgicorum
1449 4527 1516 4586 libri
1538 4530 1568 4585 4.
1585 4527 1650 4585 Sin·

403 4615 481 4691 gulis
504 4614 585 4672 libris
608 4615 823 4692 praemittuntur
845 4615 1016 4674 tetrasticha
1036 4615 1103 4685 illa,
1126 4635 1200 4692 quoe
1218 4606 1338 4677 ‘Ovidii
1354 4615 1466 4672 remus'
1488 4612 1651 4672 inscribun-

404 4707 458 4757 tur.
526 4701 567 4778 6.)
591 4699 757 4758 etl-75¹³.
791 4699 884 4770 Idem,
908 4700 1060 4758 Aeneidos
1089 4659 1256 4758 lib.1-3.
1284 4697 1650 4775 Praemittuntursingulia

403 4784 485 4842 libris
505 4776 618 4844 Ovidii
633 4785 755 4844 versus!
818 4788 858 4863 7.)
884 4789 945 4844 76·.
970 4784 1096 4844 Schema
1110 4785 1255 4861 graduum
1269 4785 1462 4861 wgnatiouis.
1520 4785 1562 4862 8.)
1588 4786 1649 4841 ι6·.
