3709 5734
204 773 243 828 Π.
287 774 315 829 5.
339 774 439 829 Partes
461 772 595 827 orationis
617 770 723 826 latium
744 750 958 825 indeclinabiles
980 770 1079 825 ordine
1100 768 1298 841 alphabetico.
1351 767 1442 834 3250,
1469 767 1516 822 17.

187 888 233 899 -
276 888 317 897 -
340 859 467 930 Regulae
489 856 714 929 grammaticales
735 855 850 928 linguae
873 856 979 911 latinae
1033 891 1296 911 .....
1370 853 1462 923 3461,
1489 854 1517 907 1,

191 973 234 985 -
279 976 317 987 -
340 945 468 1015 Farrago
491 943 718 1014 disquisitionnm
740 942 880 997 minorum
900 940 1154 1013 grammaticalium
1177 940 1304 1011 linguam

366 1030 483 1084 latinam
504 1027 693 1099 spectantium
713 1063 1297 1083 ..........
1370 1024 1462 1091 3461,
1486 1023 1517 1079 4.

192 1148 231 1159 -
279 1146 317 1156 -
341 1116 386 1170 De
409 1114 592 1186 diphthongis
646 1146 1295 1169 ...........
1369 1110 1461 1173 2496,
1487 1109 1515 1163 3,

192 1230 233 1240 -
278 1231 316 1241 -
341 1201 386 1256 De
408 1198 647 1271 diphthongandis
668 1196 813 1253 vocabulis
834 1196 931 1253 latinis
970 1234 1298 1255 ......
1350 1196 1441 1263 3471,
1466 1196 1516 1249 22,

190 1314 235 1326 -
277 1315 316 1324 -
340 1286 386 1341 De
408 1286 579 1340 dictionibus
601 1302 665 1339 eum
686 1302 706 1355 y
728 1284 884 1338 scribendis
905 1319 1296 1339 .......
1370 1282 1463 1350 2496,
1487 1280 1516 1335 4,

190 1400 231 1414 -
275 1401 317 1410 -
339 1372 481 1442 Excerpta
502 1378 531 1424 et
552 1370 726 1425 collectanea
747 1368 972 1441 grammaticalia
1035 1410 1042 1423 .
1098 1409 1105 1424 .
1161 1366 1462 1431 .2240,2,2486,
1489 1367 1517 1421 1.

189 1485 233 1497 —-
277 1487 315 1497 -
339 1457 490 1512 Tractatus
508 1440 604 1511 Circa
626 1454 773 1510 materiam
795 1455 1035 1510 constructionum
1058 1460 1087 1509 et
1107 1436 1296 1525 regiminum'.
1370 1453 1461 1519 3197,
1486 1452 1516 1505 4.

189 1572 233 1582 -
275 1572 316 1581 -
340 1544 385 1598 De
405 1542 495 1614 signis
516 1540 751 1611 interpunctionis
778 1576 1297 1596 .........
1370 1538 1462 1607 3244,
1486 1538 1515 1591 4.

192 1662 230 1672 -
275 1657 317 1667 -
339 1628 384 1683 De
405 1628 489 1682 modo
511 1626 730 1697 interpungendi
777 1657 1296 1681 .........
1347 1622 1441 1692 3123,
1466 1623 1516 1677 38.

187 1741 232 1753 —-
275 1742 316 1753 -
340 1712 522 1769 collectanea
552 1713 691 1783 quaedam
726 1711 761 1767 de
790 1710 938 1766 verborum
968 1708 1175 1781 significatione
1197 1716 1226 1763 at
1247 1708 1302 1764 ele·

362 1799 467 1870 gantiis
489 1796 570 1852 latini
592 1797 729 1852 sermonis
779 1832 1296 1853 .........
1347 1794 1440 1861 3462,
1464 1794 1514 1847 52,

187 1912 230 1923 -
273 1910 317 1921 —
339 1883 515 1955 Synonymia
535 1883 625 1937 latina
647 1917 1295 1939 ...........
1368 1879 1460 1947 3208,
1486 1880 1514 1935 3.

190 1998 230 2008 -
274 1997 316 2009 -
339 1969 514 2041 synonymia
534 1969 623 2023 latina
645 1985 709 2023 cnm
731 1967 931 2023 commentario
968 2002 1294 2023 ......
1368 1966 1461 2028 3217,
1485 1965 1514 2021 8.

188 2083 231 2094 -
274 2082 316 2093 -
337 2054 523 2110 Differentiae
545 2054 694 2109 verborum
716 2071 934 2150 synonymorum
970 2092 978 2108 .
1032 2090 1040 2107 .
1098 2051 1249 2119 ,3121
1274 2052 1323 2106 19.
1346 2050 1439 2118 3160,
1466 2050 1515 2105 15,

186 2168 232 2180 -
273 2168 316 2179 -
338 2141 478 2196 Desensu
491 2158 603 2195 vocum:
611 2124 814 2210 ‘proscriptus’,
825 2120 1005 2210 '’inscriptus‚
1011 2120 1096 2193 ‘'exnl
1108 2142 1137 2191 et
1139 2120 1300 2209 relegatus'
1368 2136 1460 2201 2376,
1486 2136 1514 2192 5.

185 2254 232 2265 -
273 2254 315 2265 -
338 2226 519 2281 Tractatulns
542 2226 577 2281 de
599 2231 720 2279 accentu
1368 2222 1514 2287 2437,1.

186 2340 231 2352 -·
272 2342 316 2353 -
334 2312 489 2366 Tractatus
512 2312 548 2365 de
570 2317 690 2366 accentu
711 2310 861 2381 prosodiae
903 2343 1293 2363 .......
1345 2307 1438 2376 3471,
1463 2308 1513 2363 23,

185 2426 232 2437 -
274 2423 317 2435 ·-
337 2398 476 2453 Prosodia
496 2396 586 2451 latina
649 2428 1296 2451 ...........
1347 2392 1440 2459 3471,
1465 2393 1515 2447 25,

186 2511 230 2522 -
273 2510 317 2521 -
339 2481 460 2538 Carmen
481 2481 700 2537 hexametricum
722 2481 759 2535 de
780 2482 940 2552 quantitate
961 2478 1168 2552 syllabarum.
1225 2516 1232 2531 .
1288 2519 1295 2532 .
1368 2478 1460 2547 2369,
1485 2478 1514 2534 2,

185 2599 232 2610 -
274 2596 317 2607 -
338 2567 540 2639 Fragmentum
553 2566 919 2638 carminisdelongitudine
934 2571 963 2619 et
977 2564 1302 2635 brevitatesyllabarum
1368 2562 1459 2632 2437,
1485 2566 1514 2619 6.

184 2682 232 2693 -
273 2681 317 2692 -
338 2654 476 2708 Doctrina
497 2653 614 2707 metrica
636 2652 725 2707 latina
780 2686 1298 2707 .........
1368 2648 1462 2719 3253,
1486 2650 1514 2705 3.

173 2768 232 2781 -—
274 2766 317 2777 -
338 2739 383 2794 De
405 2746 467 2794 arte
487 2738 647 2810 rhythmica
667 2745 698 2793 et
718 2737 836 2792 metrica
855 2735 1034 2807 interspersis
1055 2735 1233 2805 polimatibus
1288 2776 1294 2789 .
1346 2734 1439 2803 3121,
1463 2735 1514 2792 96.

185 2853 233 2866 -
277 2857 316 2868 -
340 2823 532 2880 Grammatica
547 2823 726 2891 Cremonina,
748 2823 918 2877 hexametris
940 2821 1109 2877 concinnata
1130 2826 1159 2876 et
1174 2838 1302 2877 sermone

363 2910 454 2966 soluto
476 2909 617 2980 explicata
650 2944 1295 2962 ,,,,,,,,,,,
1368 2906 1462 2975 3379,
1487 2906 1515 2964 1,

183 3024 232 3035 -
273 3025 317 3035 —
339 2995 531 3051 Grammatico
552 2994 641 3049 latina
661 2992 789 3048 versibus
812 2993 982 3047 concinnata
1031 3029 1294 3047 .....
1420 2990 1513 3045 2419,

183 3108 231 3119 -
271 3108 316 3119 -
337 3082 489 3136 Tractatus
512 3080 541 3134 in
564 3080 734 3134 hexametris
757 3073 908 3134 de'verbis
931 3076 1138 3149 deponentibus
1160 3094 1308 3133 commen·¹

361 3166 434 3222 tario
456 3166 612 3220 illustratae
646 3198 1294 3220 ...........
1367 3161 1460 3235 3197,
1484 3162 1513 3217 5,

184 3278 232 3290 -
274 3277 317 3289 -
339 3252 446 3307 Versus
467 3250 622 3306 hexametri
644 3250 681 3305 de
701 3248 795 3304 serbis
818 3249 1023 3321 deponentibus
1097 3284 1104 3299 .
1161 3288 1168 3301 .
1224 3288 1232 3305 .
1289 3286 1296 3301 .
1369 3246 1461 3316 3235,
1485 3249 1513 3303 3.

183 3363 229 3376 -
272 3362 315 3376 —
337 3329 530 3392 Grammatica
551 3335 679 3390 versibus
693 3335 864 3391 hexametris
877 3334 1121 3390 concinnatacum
1137 3332 1299 3404 explicatio·

360 3423 445 3477 nibus
465 3421 603 3493 prosaicis
651 3456 914 3477 .....
960 3472 964 3483 ,
969 3454 1294 3473 ......
1369 3417 1461 3487 2499,
1487 3418 1514 3472 1.

185 3538 227 3551 -
274 3538 312 3551 -
337 3507 476 3574 Quattuor
497 3525 595 3562 versus
616 3505 732 3562 nomina
750 3506 840 3561 latina
852 3504 972 3577 piscium
993 3521 1056 3560 cum
1078 3503 1178 3578 glossis
1193 3521 1300 3577 germa-

360 3594 433 3648 nicis
455 3593 631 3648 continentes
648 3626 1297 3647 ...........
1368 3588 1460 3657 2237,
1484 3587 1513 3644 5,

181 3707 229 3720 -
270 3704 314 3715 -
335 3677 507 3751 Fragmenta
528 3677 665 3749 poiimatis
687 3677 864 3749 grammatici
886 3677 922 3731 de
944 3676 1111 3732 utensilibus
1154 3714 1161 3729 .
1218 3711 1226 3729 .
1283 3715 1290 3730 .
1418 3673 1511 3729 2034.

183 3788 228 3802 -·
270 3790 315 3802 -
337 3763 474 3820 collectio
496 3765 638 3819 mnarum
660 3763 814 3818 dictionum
845 3762 996 3819 latinarum
1024 3768 1053 3817 et
1074 3761 1299 3834 germanicarum
1367 3761 1460 3833 2951,
1486 3757 1513 3815 1,

180 3875 229 3888 -
270 3878 314 3890 -
335 3849 424 3904 Index
446 3867 546 3905 vocum
568 3850 660 3903 minus
681 3848 858 3916 usitatarum,
881 3865 955 3919 quae
977 3865 1027 3919 per
1048 3848 1173 3903 notiores
1188 3847 1300 3917 latinas,

360 3936 444 3990 etiam
467 3936 653 4007 germanicas,
676 3933 853 4004 explicantur
902 3969 1294 3988 ,,,,,,,
1367 3931 1460 4001 2767,
1484 3932 1513 3987 3.

183 4047 226 4057 -
270 4046 311 4057 -
333 4020 535 4093 Fragmentum
558 4018 975 4092 etymologicogrammaticum
1030 4054 1294 4074 .....
1366 4016 1459 4087 2604,
1483 4016 1512 4072 6,

180 4130 229 4146 --
271 4132 312 4143 -
335 4106 440 4161 Versus
463 4105 640 4161 memoriales
662 4105 838 4176 grammatici
862 4104 1043 4175 argumenti.
1082 4104 1175 4170 2517,
1200 4104 1227 4157 6.
1253 4102 1345 4172 3217,
1370 4104 1387 4157 3
1411 4110 1440 4157 et
1464 4100 1514 4157 13.

180 4218 228 4230 -
270 4220 313 4231 -
333 4191 562 4262 Praepositiones
584 4208 705 4261 graecae
728 4196 757 4245 et
784 4188 900 4245 latinae.
937 4189 1146 4260 Explicationes
1179 4188 1300 4243 vocabu·

360 4277 450 4332 lorum
472 4277 624 4332 latinorum
647 4294 710 4332 cum
731 4276 834 4348 glossis
855 4274 1025 4348 germanicis
1095 4310 1103 4327 .
1159 4313 1166 4328 .
1223 4314 1231 4331 .
1286 4312 1295 4327 .
1367 4272 1460 4344 2441,
1485 4274 1513 4327 2.

181 4387 228 4400 -
269 4354 422 4417 —Liber
444 4362 647 4433 etymologicus
712 4396 1293 4415 ..........
1366 4358 1458 4428 2404,
1486 4360 1515 4415 1.

182 4474 228 4485 ·-
273 4479 311 4490 -
335 4448 556 4504 Vocabularium
584 4448 703 4503 latinum
731 4447 835 4518 partim
863 4464 897 4502 ex
918 4444 1230 4518 IsidoriflEtymologiis
1254 4464 1298 4501 ex-

359 4541 486 4603 cerptum
515 4568 1291 4589 .............
1418 4524 1513 4584 2276.

180 4643 227 4656 -
272 4650 309 4661 -
335 4617 510 4674 Glossarium
531 4618 648 4674 latinum
672 4618 771 4674 ordine
792 4618 973 4689 alphabetico
1029 4653 1292 4674 .....
1367 4614 1459 4683 2437,
1484 4616 1512 4669 3,

182 4730 227 4741 -
273 4737 311 4747 -
335 4704 542 4760 Vocabularius
563 4704 668 4759 latinus
710 4739 1291 4758 ,,,,,,,,,,
1343 4701 1436 4770 3121,
1462 4700 1512 4754 14.

182 4819 223 4851 :-
268 4818 311 4830 -
334 4789 539 4847 Vocabularius
560 4790 603 4845 Ex
625 4807 682 4862 quo
711 4823 1294 4845 ..........
1367 4782 1460 4855 2996,
1485 4786 1513 4841 2.
