<?xml version="1.0" encoding="UTF-8"?>
<!DOCTYPE html PUBLIC "-//W3C//DTD XHTML 1.0 Transitional//EN"
    "http://www.w3.org/TR/xhtml1/DTD/xhtml1-transitional.dtd">
<html xmlns="http://www.w3.org/1999/xhtml" xml:lang="en" lang="en">
 <head>
  <title>
</title>
<meta http-equiv="Content-Type" content="text/html;charset=utf-8" />
  <meta name='ocr-system' content='tesseract 3.04.00' />
  <meta name='ocr-capabilities' content='ocr_page ocr_carea ocr_par ocr_line ocrx_word'/>
</head>
<body>
  <div class='ocr_page' id='page_1' title='image "./tabulaecodicumm00natigoog/tabulaecodicumm00natigoog_0718.png"; bbox 0 0 3709 5734; ppageno 0'>
   <div class='ocr_carea' id='block_1_1' title="bbox 200 576 856 647">
    <p class='ocr_par' dir='ltr' id='par_1_1' title="bbox 200 576 856 647">
     <span class='ocr_line' id='line_1_1' title="bbox 200 576 856 647; baseline 0.005 -5"><span class='ocrx_word' id='word_1_1' title='bbox 200 583 427 643; x_wconf 83' lang='grc'><strong>3370*-3379</strong></span> <span class='ocrx_word' id='word_1_2' title='bbox 788 576 856 647; x_wconf 85' lang='grc'><strong>209</strong></span> 
     </span>
    </p>
   </div>
   <div class='ocr_carea' id='block_1_2' title="bbox 161 766 1487 1023">
    <p class='ocr_par' dir='ltr' id='par_1_2' title="bbox 161 766 1487 1023">
     <span class='ocr_line' id='line_1_2' title="bbox 161 766 1487 851; baseline -0.002 -19"><span class='ocrx_word' id='word_1_3' title='bbox 161 772 268 833; x_wconf 85' lang='grc'><strong>3370*.</strong></span> <span class='ocrx_word' id='word_1_4' title='bbox 284 771 331 849; x_wconf 84' lang='lat' dir='ltr'><strong>[IV.</strong></span> <span class='ocrx_word' id='word_1_5' title='bbox 355 792 379 833; x_wconf 93' lang='lat' dir='ltr'><strong>s.</strong></span> <span class='ocrx_word' id='word_1_6' title='bbox 401 770 440 849; x_wconf 93' lang='grc' dir='ltr'>ιι.)</span> <span class='ocrx_word' id='word_1_7' title='bbox 464 770 510 829; x_wconf 88' lang='lat' dir='ltr'><strong>eh.</strong></span> <span class='ocrx_word' id='word_1_8' title='bbox 532 767 604 831; x_wconf 95' lang='lat' dir='ltr'><strong>XV.</strong></span> <span class='ocrx_word' id='word_1_9' title='bbox 627 770 699 829; x_wconf 92' lang='grc'><strong>478.</strong></span> <span class='ocrx_word' id='word_1_10' title='bbox 723 768 744 829; x_wconf 89' lang='grc' dir='ltr'><strong>Ι.</strong></span> <span class='ocrx_word' id='word_1_11' title='bbox 782 766 953 829; x_wconf 84' lang='lat' dir='ltr'><strong>Chronicon</strong></span> <span class='ocrx_word' id='word_1_12' title='bbox 967 769 1071 831; x_wconf 88' lang='lat' dir='ltr'><strong>mnndi</strong></span> <span class='ocrx_word' id='word_1_13' title='bbox 1085 769 1353 874; x_wconf 81' lang='lat' dir='ltr'><strong>sermonegallico.</strong></span> <span class='ocrx_word' id='word_1_14' title='bbox 1376 770 1487 851; x_wconf 90' lang='lat' dir='ltr'><strong>Incip:</strong></span> 
     </span>
     <span class='ocr_line' id='line_1_3' title="bbox 258 844 1487 1004; baseline -0.001 -86.99"><span class='ocrx_word' id='word_1_15' title='bbox 258 848 339 935; x_wconf 81' lang='lat' dir='ltr'><strong>Quy</strong></span> <span class='ocrx_word' id='word_1_16' title='bbox 361 857 391 917; x_wconf 90' lang='lat' dir='ltr'><strong>le</strong></span> <span class='ocrx_word' id='word_1_17' title='bbox 413 866 508 916; x_wconf 87' lang='lat' dir='ltr'><strong>tresor</strong></span> <span class='ocrx_word' id='word_1_18' title='bbox 530 856 568 915; x_wconf 91' lang='lat' dir='ltr'><strong>de</strong></span> <span class='ocrx_word' id='word_1_19' title='bbox 589 856 729 935; x_wconf 89' lang='lat' dir='ltr'><strong>sapience</strong></span> <span class='ocrx_word' id='word_1_20' title='bbox 745 863 814 913; x_wconf 87' lang='lat' dir='ltr'><strong>voet</strong></span> <span class='ocrx_word' id='word_1_21' title='bbox 834 844 1246 1004; x_wconf 53' lang='lat' dir='ltr'><strong>mattreffl&#39;.E1pl:ppnr</strong></span> <span class='ocrx_word' id='word_1_22' title='bbox 1260 856 1325 916; x_wconf 87' lang='lat' dir='ltr'><strong>aler</strong></span> <span class='ocrx_word' id='word_1_23' title='bbox 1339 877 1378 916; x_wconf 93' lang='lat' dir='ltr'><strong>en</strong></span> <span class='ocrx_word' id='word_1_24' title='bbox 1392 857 1487 936; x_wconf 84' lang='lat' dir='ltr'><strong>ytalie</strong></span> 
     </span>
     <span class='ocr_line' id='line_1_4' title="bbox 261 940 1168 1023; baseline 0 -22"><span class='ocrx_word' id='word_1_25' title='bbox 261 963 348 1023; x_wconf 88' lang='lat' dir='ltr'><strong>apres</strong></span> <span class='ocrx_word' id='word_1_26' title='bbox 370 962 424 1003; x_wconf 89' lang='lat' dir='ltr'><strong>son</strong></span> <span class='ocrx_word' id='word_1_27' title='bbox 446 942 524 1022; x_wconf 89' lang='lat' dir='ltr'><strong>parti</strong></span> <span class='ocrx_word' id='word_1_28' title='bbox 544 948 670 1000; x_wconf 85' lang='lat' dir='ltr'><strong>antenor</strong></span> <span class='ocrx_word' id='word_1_29' title='bbox 691 950 722 1000; x_wconf 90' lang='lat' dir='ltr'><strong>et</strong></span> <span class='ocrx_word' id='word_1_30' title='bbox 743 959 818 999; x_wconf 86' lang='lat' dir='ltr'><strong>auec</strong></span> <span class='ocrx_word' id='word_1_31' title='bbox 840 959 889 1001; x_wconf 89' lang='lat' dir='ltr'><strong>ces</strong></span> <span class='ocrx_word' id='word_1_32' title='bbox 907 940 1021 1021; x_wconf 81' lang='lat' dir='ltr'><strong>jusque</strong></span> <span class='ocrx_word' id='word_1_33' title='bbox 1040 943 1168 1005; x_wconf 89' lang='lat' dir='ltr'><strong>XII.</strong></span> 
     </span>
    </p>
   </div>
   <div class='ocr_carea' id='block_1_3' title="bbox 161 988 1489 1912">
    <p class='ocr_par' dir='ltr' id='par_1_3' title="bbox 161 988 1489 1912">
     <span class='ocr_line' id='line_1_5' title="bbox 161 988 1486 1145; baseline 0 -22"><span class='ocrx_word' id='word_1_34' title='bbox 161 1065 249 1123; x_wconf 89' lang='grc'><strong>3371.</strong></span> <span class='ocrx_word' id='word_1_35' title='bbox 267 1060 387 1145; x_wconf 90' lang='lat' dir='ltr'><strong>[Philul.</strong></span> <span class='ocrx_word' id='word_1_36' title='bbox 411 1060 472 1144; x_wconf 95' lang='grc'><strong>74.)</strong></span> <span class='ocrx_word' id='word_1_37' title='bbox 496 1060 543 1123; x_wconf 93' lang='lat' dir='ltr'><strong>ch.</strong></span> <span class='ocrx_word' id='word_1_38' title='bbox 565 1061 637 1123; x_wconf 90' lang='lat' dir='ltr'><strong>XV.</strong></span> <span class='ocrx_word' id='word_1_39' title='bbox 662 1059 771 1139; x_wconf 90' lang='grc'><strong>(1470)</strong></span> <span class='ocrx_word' id='word_1_40' title='bbox 797 1060 902 1121; x_wconf 90' lang='grc' dir='ltr'><strong>176..Ι</strong></span> <span class='ocrx_word' id='word_1_41' title='bbox 943 1064 1170 1137; x_wconf 88' lang='grc'><strong>1.)11··.-181</strong></span> <span class='ocrx_word' id='word_1_42' title='bbox 1181 988 1372 1122; x_wconf 72' lang='lat' dir='ltr'><strong>Laurentius</strong></span> <span class='ocrx_word' id='word_1_43' title='bbox 1388 1064 1486 1135; x_wconf 88' lang='lat' dir='ltr'><strong>Valla,</strong></span> 
     </span>
     <span class='ocr_line' id='line_1_6' title="bbox 261 1146 1487 1253; baseline 0.001 -45"><span class='ocrx_word' id='word_1_44' title='bbox 261 1148 547 1209; x_wconf 81' lang='lat' dir='ltr'><strong>Commentariorum</strong></span> <span class='ocrx_word' id='word_1_45' title='bbox 569 1148 827 1225; x_wconf 83' lang='lat' dir='ltr'><strong>grammaticorum</strong></span> <span class='ocrx_word' id='word_1_46' title='bbox 855 1146 1018 1205; x_wconf 91' lang='lat' dir='ltr'><strong>secundnm</strong></span> <span class='ocrx_word' id='word_1_47' title='bbox 1046 1147 1224 1250; x_wconf 75' lang='lat' dir='ltr'><strong>elegantiam</strong></span> <span class='ocrx_word' id='word_1_48' title='bbox 1251 1148 1360 1253; x_wconf 78' lang='lat' dir='ltr'><strong>lingum</strong></span> <span class='ocrx_word' id='word_1_49' title='bbox 1387 1149 1487 1209; x_wconf 78' lang='lat' dir='ltr'><strong>latinae</strong></span> 
     </span>
     <span class='ocr_line' id='line_1_7' title="bbox 259 1223 1487 1312; baseline 0 -19"><span class='ocrx_word' id='word_1_50' title='bbox 259 1235 338 1295; x_wconf 91' lang='lat' dir='ltr'><strong>libri.</strong></span> <span class='ocrx_word' id='word_1_51' title='bbox 369 1232 636 1309; x_wconf 75' lang='grc'><strong>2..)161·-170·</strong></span> <span class='ocrx_word' id='word_1_52' title='bbox 652 1232 746 1303; x_wconf 83' lang='lat' dir='ltr'><strong>Idem,</strong></span> <span class='ocrx_word' id='word_1_53' title='bbox 762 1232 811 1291; x_wconf 89' lang='lat' dir='ltr'><strong>De</strong></span> <span class='ocrx_word' id='word_1_54' title='bbox 825 1223 1082 1310; x_wconf 82' lang='lat' dir='ltr'><strong>reciprocatione</strong></span> <span class='ocrx_word' id='word_1_55' title='bbox 1083 1223 1142 1291; x_wconf 89' lang='lat' dir='ltr'><strong>sni’</strong></span> <span class='ocrx_word' id='word_1_56' title='bbox 1158 1225 1210 1291; x_wconf 86' lang='lat' dir='ltr'><strong>et‘</strong></span> <span class='ocrx_word' id='word_1_57' title='bbox 1211 1253 1292 1295; x_wconf 90' lang='lat' dir='ltr'><strong>suns.</strong></span> <span class='ocrx_word' id='word_1_58' title='bbox 1291 1225 1487 1312; x_wconf 79' lang='grc'><strong>’.3)171··.</strong></span> 
     </span>
     <span class='ocr_line' id='line_1_8' title="bbox 260 1316 1486 1396; baseline 0 -17"><span class='ocrx_word' id='word_1_59' title='bbox 260 1320 355 1391; x_wconf 80' lang='lat' dir='ltr'><strong>Idem,</strong></span> <span class='ocrx_word' id='word_1_60' title='bbox 378 1318 427 1379; x_wconf 85' lang='lat' dir='ltr'><strong>Ad</strong></span> <span class='ocrx_word' id='word_1_61' title='bbox 448 1318 599 1379; x_wconf 87' lang='lat' dir='ltr'><strong>Joannem</strong></span> <span class='ocrx_word' id='word_1_62' title='bbox 613 1318 780 1377; x_wconf 80' lang='lat' dir='ltr'><strong>Tortellum</strong></span> <span class='ocrx_word' id='word_1_63' title='bbox 803 1316 937 1396; x_wconf 87' lang='lat' dir='ltr'><strong>epistola.</strong></span> <span class='ocrx_word' id='word_1_64' title='bbox 984 1321 1054 1379; x_wconf 98' lang='grc'><strong>172.</strong></span> <span class='ocrx_word' id='word_1_65' title='bbox 1081 1318 1261 1378; x_wconf 85' lang='lat' dir='ltr'><strong>Tentamina</strong></span> <span class='ocrx_word' id='word_1_66' title='bbox 1282 1320 1389 1379; x_wconf 86' lang='lat' dir='ltr'><strong>calami</strong></span> <span class='ocrx_word' id='word_1_67' title='bbox 1412 1321 1486 1379; x_wconf 89' lang='lat' dir='ltr'><strong>mul-</strong></span> 
     </span>
     <span class='ocr_line' id='line_1_9' title="bbox 259 1402 1487 1485; baseline 0.003 -22"><span class='ocrx_word' id='word_1_68' title='bbox 259 1406 298 1465; x_wconf 84' lang='lat' dir='ltr'><strong>tis</strong></span> <span class='ocrx_word' id='word_1_69' title='bbox 320 1406 508 1485; x_wconf 77' lang='lat' dir='ltr'><strong>interspersis</strong></span> <span class='ocrx_word' id='word_1_70' title='bbox 531 1406 686 1463; x_wconf 82' lang='lat' dir='ltr'><strong>sententiis</strong></span> <span class='ocrx_word' id='word_1_71' title='bbox 709 1402 852 1463; x_wconf 71' lang='lat' dir='ltr'><strong>absolutis</strong></span> <span class='ocrx_word' id='word_1_72' title='bbox 874 1422 960 1483; x_wconf 78' lang='lat' dir='ltr'><strong>aque</strong></span> <span class='ocrx_word' id='word_1_73' title='bbox 982 1422 1018 1462; x_wconf 90' lang='lat' dir='ltr'><strong>ac</strong></span> <span class='ocrx_word' id='word_1_74' title='bbox 1039 1404 1161 1465; x_wconf 90' lang='lat' dir='ltr'><strong>mutilis.</strong></span> <span class='ocrx_word' id='word_1_75' title='bbox 1205 1407 1249 1480; x_wconf 87' lang='lat'><strong>4.)</strong></span> <span class='ocrx_word' id='word_1_76' title='bbox 1273 1407 1333 1464; x_wconf 89' lang='grc'><strong>173</strong></span> <span class='ocrx_word' id='word_1_77' title='bbox 1340 1408 1487 1468; x_wconf 83' lang='grc'><strong>··-176,</strong></span> 
     </span>
     <span class='ocr_line' id='line_1_10' title="bbox 260 1488 1489 1571; baseline 0.001 -22"><span class='ocrx_word' id='word_1_78' title='bbox 260 1490 359 1551; x_wconf 87' lang='lat' dir='ltr'><strong>Index</strong></span> <span class='ocrx_word' id='word_1_79' title='bbox 386 1490 637 1571; x_wconf 73' lang='lat' dir='ltr'><strong>praetendentium</strong></span> <span class='ocrx_word' id='word_1_80' title='bbox 666 1488 816 1548; x_wconf 88' lang='lat' dir='ltr'><strong>librorum.</strong></span> <span class='ocrx_word' id='word_1_81' title='bbox 860 1489 897 1547; x_wconf 93' lang='lat' dir='ltr'><strong>In</strong></span> <span class='ocrx_word' id='word_1_82' title='bbox 924 1488 995 1547; x_wconf 81' lang='lat' dir='ltr'><strong>folio</strong></span> <span class='ocrx_word' id='word_1_83' title='bbox 1023 1509 1082 1549; x_wconf 93' lang='lat' dir='ltr'><strong>non</strong></span> <span class='ocrx_word' id='word_1_84' title='bbox 1111 1500 1266 1550; x_wconf 90' lang='lat' dir='ltr'><strong>numerato</strong></span> <span class='ocrx_word' id='word_1_85' title='bbox 1297 1491 1375 1550; x_wconf 88' lang='lat' dir='ltr'><strong>inter</strong></span> <span class='ocrx_word' id='word_1_86' title='bbox 1401 1501 1489 1569; x_wconf 83' lang='lat' dir='ltr'><strong>tegn-</strong></span> 
     </span>
     <span class='ocr_line' id='line_1_11' title="bbox 261 1574 1486 1656; baseline 0.001 -21"><span class='ocrx_word' id='word_1_87' title='bbox 261 1586 393 1636; x_wconf 90' lang='lat' dir='ltr'><strong>mentum</strong></span> <span class='ocrx_word' id='word_1_88' title='bbox 416 1578 547 1635; x_wconf 89' lang='lat' dir='ltr'><strong>anterius</strong></span> <span class='ocrx_word' id='word_1_89' title='bbox 569 1583 600 1635; x_wconf 92' lang='lat' dir='ltr'><strong>et</strong></span> <span class='ocrx_word' id='word_1_90' title='bbox 621 1574 724 1634; x_wconf 83' lang='lat' dir='ltr'><strong>folium</strong></span> <span class='ocrx_word' id='word_1_91' title='bbox 746 1575 873 1653; x_wconf 88' lang='lat' dir='ltr'><strong>primum</strong></span> <span class='ocrx_word' id='word_1_92' title='bbox 895 1574 1000 1653; x_wconf 88' lang='lat' dir='ltr'><strong>utique</strong></span> <span class='ocrx_word' id='word_1_93' title='bbox 1029 1576 1117 1635; x_wconf 89' lang='lat' dir='ltr'><strong>etiam</strong></span> <span class='ocrx_word' id='word_1_94' title='bbox 1140 1576 1172 1635; x_wconf 91' lang='lat' dir='ltr'><strong>in</strong></span> <span class='ocrx_word' id='word_1_95' title='bbox 1194 1584 1365 1654; x_wconf 81' lang='lat' dir='ltr'><strong>tegumento</strong></span> <span class='ocrx_word' id='word_1_96' title='bbox 1386 1588 1486 1656; x_wconf 89' lang='lat' dir='ltr'><strong>poste-</strong></span> 
     </span>
     <span class='ocr_line' id='line_1_12' title="bbox 260 1657 1487 1740; baseline 0.001 -19"><span class='ocrx_word' id='word_1_97' title='bbox 260 1663 331 1721; x_wconf 86' lang='lat' dir='ltr'><strong>riori</strong></span> <span class='ocrx_word' id='word_1_98' title='bbox 358 1662 522 1721; x_wconf 88' lang='lat' dir='ltr'><strong>tentamina</strong></span> <span class='ocrx_word' id='word_1_99' title='bbox 557 1660 663 1719; x_wconf 86' lang='lat' dir='ltr'><strong>calami</strong></span> <span class='ocrx_word' id='word_1_100' title='bbox 690 1660 892 1739; x_wconf 85' lang='lat' dir='ltr'><strong>reperiuntur,</strong></span> <span class='ocrx_word' id='word_1_101' title='bbox 933 1657 1041 1739; x_wconf 91' lang='lat' dir='ltr'><strong>quibus</strong></span> <span class='ocrx_word' id='word_1_102' title='bbox 1076 1661 1265 1740; x_wconf 77' lang='lat' dir='ltr'><strong>interspersa</strong></span> <span class='ocrx_word' id='word_1_103' title='bbox 1298 1672 1368 1721; x_wconf 88' lang='lat' dir='ltr'><strong>sunt</strong></span> <span class='ocrx_word' id='word_1_104' title='bbox 1394 1664 1487 1722; x_wconf 79' lang='lat' dir='ltr'><strong>varia</strong></span> 
     </span>
     <span class='ocr_line' id='line_1_13' title="bbox 261 1744 1487 1828; baseline 0.002 -22"><span class='ocrx_word' id='word_1_105' title='bbox 261 1748 417 1808; x_wconf 73' lang='lat' dir='ltr'><strong>sententia</strong></span> <span class='ocrx_word' id='word_1_106' title='bbox 444 1748 552 1826; x_wconf 88' lang='lat' dir='ltr'><strong>partim</strong></span> <span class='ocrx_word' id='word_1_107' title='bbox 580 1748 712 1805; x_wconf 77' lang='lat' dir='ltr'><strong>metrica</strong></span> <span class='ocrx_word' id='word_1_108' title='bbox 734 1744 875 1805; x_wconf 86' lang='lat' dir='ltr'><strong>videlicet</strong></span> <span class='ocrx_word' id='word_1_109' title='bbox 902 1744 941 1806; x_wconf 89' lang='lat' dir='ltr'><strong>de</strong></span> <span class='ocrx_word' id='word_1_110' title='bbox 962 1746 1081 1824; x_wconf 78' lang='lat' dir='ltr'><strong>virgine</strong></span> <span class='ocrx_word' id='word_1_111' title='bbox 1103 1745 1253 1820; x_wconf 86' lang='lat' dir='ltr'><strong>ducenda,</strong></span> <span class='ocrx_word' id='word_1_112' title='bbox 1289 1747 1328 1808; x_wconf 94' lang='lat' dir='ltr'><strong>de</strong></span> <span class='ocrx_word' id='word_1_113' title='bbox 1353 1749 1487 1828; x_wconf 88' lang='lat' dir='ltr'><strong>proprie·</strong></span> 
     </span>
     <span class='ocr_line' id='line_1_14' title="bbox 262 1832 760 1912; baseline -0.004 -20"><span class='ocrx_word' id='word_1_114' title='bbox 262 1832 374 1892; x_wconf 88' lang='lat' dir='ltr'><strong>tatibus</strong></span> <span class='ocrx_word' id='word_1_115' title='bbox 396 1832 527 1912; x_wconf 70' lang='lat' dir='ltr'><strong>pulchra:</strong></span> <span class='ocrx_word' id='word_1_116' title='bbox 549 1832 682 1892; x_wconf 89' lang='lat' dir='ltr'><strong>mulieris</strong></span> <span class='ocrx_word' id='word_1_117' title='bbox 705 1839 760 1890; x_wconf 79' lang='lat' dir='ltr'><strong>eta</strong></span> 
     </span>
    </p>
   </div>
   <div class='ocr_carea' id='block_1_4' title="bbox 161 1949 1490 2547">
    <p class='ocr_par' dir='ltr' id='par_1_4' title="bbox 161 1949 1490 2547">
     <span class='ocr_line' id='line_1_15' title="bbox 161 1949 1488 2055; baseline 0 -40"><span class='ocrx_word' id='word_1_118' title='bbox 161 1952 384 2032; x_wconf 78' lang='lat' dir='ltr'><strong>3372.[Phi101.</strong></span> <span class='ocrx_word' id='word_1_119' title='bbox 402 1949 463 2033; x_wconf 92' lang='grc'><strong>71.)</strong></span> <span class='ocrx_word' id='word_1_120' title='bbox 487 1952 619 2013; x_wconf 90' lang='lat' dir='ltr'><strong>ch.XV.</strong></span> <span class='ocrx_word' id='word_1_121' title='bbox 638 1951 744 2011; x_wconf 90' lang='grc' dir='ltr'><strong>199.Ι.</strong></span> <span class='ocrx_word' id='word_1_122' title='bbox 791 1950 894 2030; x_wconf 90' lang='grc'><strong>1.)1·.</strong></span> <span class='ocrx_word' id='word_1_123' title='bbox 917 1951 1056 2030; x_wconf 79' lang='lat' dir='ltr'><strong>Epistola</strong></span> <span class='ocrx_word' id='word_1_124' title='bbox 1070 1952 1254 2055; x_wconf 90' lang='lat' dir='ltr'><strong>principibus</strong></span> <span class='ocrx_word' id='word_1_125' title='bbox 1276 1953 1488 2015; x_wconf 86' lang='lat' dir='ltr'><strong>ecclesiasticis</strong></span> 
     </span>
     <span class='ocr_line' id='line_1_16' title="bbox 262 2029 1488 2141; baseline 0 -42"><span class='ocrx_word' id='word_1_126' title='bbox 262 2038 398 2099; x_wconf 88' lang='lat' dir='ltr'><strong>moderni</strong></span> <span class='ocrx_word' id='word_1_127' title='bbox 418 2038 559 2140; x_wconf 70' lang='lat' dir='ltr'><strong>temporis</strong></span> <span class='ocrx_word' id='word_1_128' title='bbox 582 2057 635 2139; x_wconf 89' lang='lat' dir='ltr'><strong>per</strong></span> <span class='ocrx_word' id='word_1_129' title='bbox 656 2036 825 2096; x_wconf 77' lang='lat' dir='ltr'><strong>Luciferum</strong></span> <span class='ocrx_word' id='word_1_130' title='bbox 849 2038 950 2097; x_wconf 86' lang='lat' dir='ltr'><strong>missa.</strong></span> <span class='ocrx_word' id='word_1_131' title='bbox 972 2036 1082 2141; x_wconf 92' lang='lat' dir='ltr'><strong>Incip:</strong></span> <span class='ocrx_word' id='word_1_132' title='bbox 1101 2029 1234 2097; x_wconf 83' lang='lat' dir='ltr'><strong>‘Lucifer</strong></span> <span class='ocrx_word' id='word_1_133' title='bbox 1247 2040 1385 2119; x_wconf 90' lang='lat' dir='ltr'><strong>princeps</strong></span> <span class='ocrx_word' id='word_1_134' title='bbox 1406 2048 1488 2100; x_wconf 89' lang='lat' dir='ltr'><strong>tene·</strong></span> 
     </span>
     <span class='ocr_line' id='line_1_17' title="bbox 262 2112 1488 2223; baseline 0.001 -39"><span class='ocrx_word' id='word_1_135' title='bbox 262 2126 441 2185; x_wconf 84' lang='lat' dir='ltr'><strong>hrarnm...</strong></span> <span class='ocrx_word' id='word_1_136' title='bbox 444 2115 594 2203; x_wconf 77' lang='lat' dir='ltr'><strong>’.Explr</strong></span> <span class='ocrx_word' id='word_1_137' title='bbox 616 2112 684 2181; x_wconf 89' lang='lat' dir='ltr'><strong>aut</strong></span> <span class='ocrx_word' id='word_1_138' title='bbox 706 2121 878 2202; x_wconf 88' lang='lat' dir='ltr'><strong>perdolosas</strong></span> <span class='ocrx_word' id='word_1_139' title='bbox 901 2114 1077 2183; x_wconf 61' lang='lat' dir='ltr'><strong>abusiones?</strong></span> <span class='ocrx_word' id='word_1_140' title='bbox 1110 2118 1168 2223; x_wconf 94' lang='grc'><strong>2.)</strong></span> <span class='ocrx_word' id='word_1_141' title='bbox 1193 2123 1357 2185; x_wconf 71' lang='grc'><strong>1·-102·.</strong></span> <span class='ocrx_word' id='word_1_142' title='bbox 1380 2125 1488 2185; x_wconf 87' lang='lat' dir='ltr'><strong>Petras</strong></span> 
     </span>
     <span class='ocr_line' id='line_1_18' title="bbox 263 2200 1490 2312; baseline 0 -42"><span class='ocrx_word' id='word_1_143' title='bbox 263 2211 304 2271; x_wconf 91' lang='lat' dir='ltr'><strong>de</strong></span> <span class='ocrx_word' id='word_1_144' title='bbox 325 2210 440 2281; x_wconf 81' lang='lat' dir='ltr'><strong>Vincis,</strong></span> <span class='ocrx_word' id='word_1_145' title='bbox 464 2206 595 2269; x_wconf 84' lang='lat' dir='ltr'><strong>Summa.</strong></span> <span class='ocrx_word' id='word_1_146' title='bbox 639 2203 704 2310; x_wconf 90' lang='grc'><strong>3.)</strong></span> <span class='ocrx_word' id='word_1_147' title='bbox 710 2208 813 2267; x_wconf 77' lang='grc'><strong>102··.</strong></span> <span class='ocrx_word' id='word_1_148' title='bbox 838 2206 952 2269; x_wconf 84' lang='lat' dir='ltr'><strong>Sermo.</strong></span> <span class='ocrx_word' id='word_1_149' title='bbox 982 2208 1091 2287; x_wconf 91' lang='lat' dir='ltr'><strong>Incip:</strong></span> <span class='ocrx_word' id='word_1_150' title='bbox 1110 2200 1282 2312; x_wconf 86' lang='lat' dir='ltr'><strong>‘Subripitis</strong></span> <span class='ocrx_word' id='word_1_151' title='bbox 1298 2218 1329 2270; x_wconf 89' lang='lat' dir='ltr'><strong>et</strong></span> <span class='ocrx_word' id='word_1_152' title='bbox 1343 2210 1490 2270; x_wconf 78' lang='lat' dir='ltr'><strong>fallaciter</strong></span> 
     </span>
     <span class='ocr_line' id='line_1_19' title="bbox 257 2285 1488 2400; baseline 0.001 -45.003"><span class='ocrx_word' id='word_1_153' title='bbox 257 2294 503 2400; x_wconf 86' lang='lat' dir='ltr'><strong>extorquetis...</strong></span> <span class='ocrx_word' id='word_1_154' title='bbox 508 2286 667 2395; x_wconf 79' lang='lat' dir='ltr'><strong>&#39;Expl..</strong></span> <span class='ocrx_word' id='word_1_155' title='bbox 696 2286 864 2353; x_wconf 85' lang='lat' dir='ltr'><strong>‘adducatis</strong></span> <span class='ocrx_word' id='word_1_156' title='bbox 897 2293 937 2354; x_wconf 87' lang='lat' dir='ltr'><strong>ad</strong></span> <span class='ocrx_word' id='word_1_157' title='bbox 969 2285 1168 2373; x_wconf 59' lang='lat' dir='ltr'><strong>prepositum?</strong></span> <span class='ocrx_word' id='word_1_158' title='bbox 1213 2292 1258 2377; x_wconf 90' lang='grc'><strong>4.)</strong></span> <span class='ocrx_word' id='word_1_159' title='bbox 1284 2297 1357 2355; x_wconf 89' lang='grc'><strong>104·</strong></span> <span class='ocrx_word' id='word_1_160' title='bbox 1359 2298 1488 2359; x_wconf 89' lang='grc'><strong>-199·.</strong></span> 
     </span>
     <span class='ocr_line' id='line_1_20' title="bbox 257 2370 1488 2459; baseline 0 -18"><span class='ocrx_word' id='word_1_161' title='bbox 257 2372 394 2441; x_wconf 86' lang='lat' dir='ltr'><strong>Summa</strong></span> <span class='ocrx_word' id='word_1_162' title='bbox 416 2370 608 2439; x_wconf 79' lang='lat' dir='ltr'><strong>cancellarioe&#39;</strong></span> <span class='ocrx_word' id='word_1_163' title='bbox 632 2388 766 2458; x_wconf 90' lang='lat' dir='ltr'><strong>tempore</strong></span> <span class='ocrx_word' id='word_1_164' title='bbox 789 2377 889 2439; x_wconf 79' lang='lat' dir='ltr'><strong>Caroli</strong></span> <span class='ocrx_word' id='word_1_165' title='bbox 905 2380 950 2439; x_wconf 91' lang='lat' dir='ltr'><strong>IV</strong></span> <span class='ocrx_word' id='word_1_166' title='bbox 965 2380 1198 2459; x_wconf 84' lang='lat' dir='ltr'><strong>Imperatoriae</strong></span> <span class='ocrx_word' id='word_1_167' title='bbox 1217 2401 1307 2439; x_wconf 86' lang='lat' dir='ltr'><strong>mann</strong></span> <span class='ocrx_word' id='word_1_168' title='bbox 1329 2383 1488 2441; x_wconf 87' lang='lat' dir='ltr'><strong>recentiori</strong></span> 
     </span>
     <span class='ocr_line' id='line_1_21' title="bbox 260 2464 1487 2547; baseline 0 -20"><span class='ocrx_word' id='word_1_169' title='bbox 260 2466 427 2547; x_wconf 89' lang='lat' dir='ltr'><strong>perscripta</strong></span> <span class='ocrx_word' id='word_1_170' title='bbox 457 2467 521 2525; x_wconf 87' lang='lat' dir='ltr'><strong>sive</strong></span> <span class='ocrx_word' id='word_1_171' title='bbox 544 2464 688 2545; x_wconf 75' lang='lat' dir='ltr'><strong>Epistola</strong></span> <span class='ocrx_word' id='word_1_172' title='bbox 716 2473 746 2525; x_wconf 90' lang='lat' dir='ltr'><strong>et</strong></span> <span class='ocrx_word' id='word_1_173' title='bbox 767 2464 961 2545; x_wconf 80' lang='lat' dir='ltr'><strong>diplomate</strong></span> <span class='ocrx_word' id='word_1_174' title='bbox 953 2484 983 2524; x_wconf 91' lang='grc' dir='ltr'><strong>ιιι</strong></span> <span class='ocrx_word' id='word_1_175' title='bbox 1005 2464 1125 2525; x_wconf 90' lang='lat' dir='ltr'><strong>modum</strong></span> <span class='ocrx_word' id='word_1_176' title='bbox 1146 2465 1325 2526; x_wconf 84' lang='lat' dir='ltr'><strong>Formnlarii</strong></span> <span class='ocrx_word' id='word_1_177' title='bbox 1356 2468 1487 2527; x_wconf 86' lang='lat' dir='ltr'><strong>redacta.</strong></span> 
     </span>
    </p>
   </div>
   <div class='ocr_carea' id='block_1_5' title="bbox 162 2582 1489 2923">
    <p class='ocr_par' dir='ltr' id='par_1_5' title="bbox 162 2582 1489 2923">
     <span class='ocr_line' id='line_1_22' title="bbox 162 2582 1489 2668; baseline 0.001 -23"><span class='ocrx_word' id='word_1_178' title='bbox 162 2587 249 2649; x_wconf 90' lang='grc'><strong>3373.</strong></span> <span class='ocrx_word' id='word_1_179' title='bbox 266 2584 359 2668; x_wconf 83' lang='lat' dir='ltr'><strong>[Hist.</strong></span> <span class='ocrx_word' id='word_1_180' title='bbox 381 2586 454 2665; x_wconf 83' lang='lat' dir='ltr'><strong>prof.</strong></span> <span class='ocrx_word' id='word_1_181' title='bbox 475 2582 560 2666; x_wconf 90' lang='grc'><strong>480.)</strong></span> <span class='ocrx_word' id='word_1_182' title='bbox 589 2584 634 2645; x_wconf 78' lang='lat' dir='ltr'><strong>cla</strong></span> <span class='ocrx_word' id='word_1_183' title='bbox 657 2584 728 2647; x_wconf 90' lang='lat' dir='ltr'><strong>XV.</strong></span> <span class='ocrx_word' id='word_1_184' title='bbox 751 2587 823 2648; x_wconf 89' lang='grc'><strong>234.</strong></span> <span class='ocrx_word' id='word_1_185' title='bbox 846 2586 866 2647; x_wconf 93' lang='grc' dir='ltr'><strong>Ι.</strong></span> <span class='ocrx_word' id='word_1_186' title='bbox 910 2586 1104 2646; x_wconf 85' lang='lat' dir='ltr'><strong>Benvenutns</strong></span> <span class='ocrx_word' id='word_1_187' title='bbox 1126 2586 1165 2646; x_wconf 89' lang='lat' dir='ltr'><strong>de</strong></span> <span class='ocrx_word' id='word_1_188' title='bbox 1186 2586 1296 2660; x_wconf 85' lang='lat' dir='ltr'><strong>Imola‚</strong></span> <span class='ocrx_word' id='word_1_189' title='bbox 1324 2587 1415 2647; x_wconf 85' lang='lat' dir='ltr'><strong>Liber</strong></span> <span class='ocrx_word' id='word_1_190' title='bbox 1436 2588 1489 2667; x_wconf 89' lang='lat' dir='ltr'><strong>qni</strong></span> 
     </span>
     <span class='ocr_line' id='line_1_23' title="bbox 261 2670 1489 2751; baseline 0.002 -20"><span class='ocrx_word' id='word_1_191' title='bbox 261 2670 428 2731; x_wconf 84' lang='lat' dir='ltr'><strong>Romuleon</strong></span> <span class='ocrx_word' id='word_1_192' title='bbox 456 2672 636 2744; x_wconf 81' lang='lat' dir='ltr'><strong>intituletur,</strong></span> <span class='ocrx_word' id='word_1_193' title='bbox 666 2690 701 2731; x_wconf 91' lang='lat' dir='ltr'><strong>eo</strong></span> <span class='ocrx_word' id='word_1_194' title='bbox 724 2670 804 2751; x_wconf 92' lang='lat' dir='ltr'><strong>quod</strong></span> <span class='ocrx_word' id='word_1_195' title='bbox 826 2671 863 2731; x_wconf 90' lang='lat' dir='ltr'><strong>de</strong></span> <span class='ocrx_word' id='word_1_196' title='bbox 885 2673 978 2750; x_wconf 83' lang='lat' dir='ltr'><strong>gestis</strong></span> <span class='ocrx_word' id='word_1_197' title='bbox 999 2671 1199 2731; x_wconf 85' lang='lat' dir='ltr'><strong>Romanorum</strong></span> <span class='ocrx_word' id='word_1_198' title='bbox 1222 2682 1337 2735; x_wconf 86' lang='lat' dir='ltr'><strong>tractat.</strong></span> <span class='ocrx_word' id='word_1_199' title='bbox 1381 2672 1489 2733; x_wconf 83' lang='lat' dir='ltr'><strong>Editus</strong></span> 
     </span>
     <span class='ocr_line' id='line_1_24' title="bbox 261 2755 1489 2837; baseline 0.002 -20"><span class='ocrx_word' id='word_1_200' title='bbox 261 2756 302 2817; x_wconf 87' lang='lat' dir='ltr'><strong>sd</strong></span> <span class='ocrx_word' id='word_1_201' title='bbox 329 2757 520 2817; x_wconf 88' lang='lat' dir='ltr'><strong>instantiam.</strong></span> <span class='ocrx_word' id='word_1_202' title='bbox 534 2756 656 2819; x_wconf 91' lang='lat' dir='ltr'><strong>.militis</strong></span> <span class='ocrx_word' id='word_1_203' title='bbox 684 2755 815 2816; x_wconf 85' lang='lat' dir='ltr'><strong>Gometii</strong></span> <span class='ocrx_word' id='word_1_204' title='bbox 843 2756 962 2837; x_wconf 75' lang='lat' dir='ltr'><strong>hispani</strong></span> <span class='ocrx_word' id='word_1_205' title='bbox 994 2757 1033 2817; x_wconf 91' lang='lat' dir='ltr'><strong>de</strong></span> <span class='ocrx_word' id='word_1_206' title='bbox 1063 2757 1255 2831; x_wconf 81' lang='lat' dir='ltr'><strong>Alhornotio,</strong></span> <span class='ocrx_word' id='word_1_207' title='bbox 1293 2778 1360 2818; x_wconf 87' lang='lat' dir='ltr'><strong>cum</strong></span> <span class='ocrx_word' id='word_1_208' title='bbox 1389 2760 1489 2819; x_wconf 88' lang='lat' dir='ltr'><strong>indice</strong></span> 
     </span>
     <span class='ocr_line' id='line_1_25' title="bbox 262 2841 810 2923; baseline 0.004 -22"><span class='ocrx_word' id='word_1_209' title='bbox 262 2841 452 2923; x_wconf 81' lang='lat' dir='ltr'><strong>alphabetico</strong></span> <span class='ocrx_word' id='word_1_210' title='bbox 474 2844 626 2902; x_wconf 89' lang='lat' dir='ltr'><strong>nominum</strong></span> <span class='ocrx_word' id='word_1_211' title='bbox 647 2842 810 2921; x_wconf 82' lang='lat' dir='ltr'><strong>praemisso.</strong></span> 
     </span>
    </p>
   </div>
   <div class='ocr_carea' id='block_1_6' title="bbox 162 2960 1489 3194">
    <p class='ocr_par' dir='ltr' id='par_1_6' title="bbox 162 2960 1489 3194">
     <span class='ocr_line' id='line_1_26' title="bbox 162 2960 1489 3045; baseline 0.002 -24"><span class='ocrx_word' id='word_1_212' title='bbox 162 2961 249 3024; x_wconf 89' lang='grc'><strong>3374.</strong></span> <span class='ocrx_word' id='word_1_213' title='bbox 266 2960 358 3045; x_wconf 86' lang='lat' dir='ltr'><strong>[Hist.</strong></span> <span class='ocrx_word' id='word_1_214' title='bbox 381 2961 455 3043; x_wconf 84' lang='lat' dir='ltr'><strong>prof.</strong></span> <span class='ocrx_word' id='word_1_215' title='bbox 480 2960 564 3044; x_wconf 93' lang='grc'><strong>503.)</strong></span> <span class='ocrx_word' id='word_1_216' title='bbox 594 2962 640 3023; x_wconf 92' lang='lat' dir='ltr'><strong>ch.</strong></span> <span class='ocrx_word' id='word_1_217' title='bbox 662 2962 732 3023; x_wconf 90' lang='lat' dir='ltr'><strong>XV.</strong></span> <span class='ocrx_word' id='word_1_218' title='bbox 764 2962 857 3024; x_wconf 91' lang='grc' dir='ltr'><strong>50.Ι.</strong></span> <span class='ocrx_word' id='word_1_219' title='bbox 902 2960 1006 3023; x_wconf 86' lang='lat' dir='ltr'><strong>Simon</strong></span> <span class='ocrx_word' id='word_1_220' title='bbox 1027 2962 1065 3023; x_wconf 93' lang='lat' dir='ltr'><strong>de</strong></span> <span class='ocrx_word' id='word_1_221' title='bbox 1086 2963 1181 3035; x_wconf 79' lang='lat' dir='ltr'><strong>Kosa,</strong></span> <span class='ocrx_word' id='word_1_222' title='bbox 1211 2962 1381 3023; x_wconf 83' lang='lat' dir='ltr'><strong>Chronicon</strong></span> <span class='ocrx_word' id='word_1_223' title='bbox 1403 2964 1489 3023; x_wconf 90' lang='lat' dir='ltr'><strong>Hun-</strong></span> 
     </span>
     <span class='ocr_line' id='line_1_27' title="bbox 260 3048 1489 3129; baseline 0.002 -22"><span class='ocrx_word' id='word_1_224' title='bbox 260 3049 354 3127; x_wconf 77' lang='lat' dir='ltr'><strong>gariae</strong></span> <span class='ocrx_word' id='word_1_225' title='bbox 376 3048 531 3129; x_wconf 88' lang='lat' dir='ltr'><strong>usquead</strong></span> <span class='ocrx_word' id='word_1_226' title='bbox 554 3068 580 3110; x_wconf 89' lang='lat' dir='ltr'><strong>a.</strong></span> <span class='ocrx_word' id='word_1_227' title='bbox 606 3048 697 3107; x_wconf 88' lang='grc'><strong>1342.</strong></span> <span class='ocrx_word' id='word_1_228' title='bbox 722 3068 789 3108; x_wconf 93' lang='lat' dir='ltr'><strong>cnm</strong></span> <span class='ocrx_word' id='word_1_229' title='bbox 811 3049 888 3108; x_wconf 88' lang='lat' dir='ltr'><strong>serie</strong></span> <span class='ocrx_word' id='word_1_230' title='bbox 911 3050 1042 3129; x_wconf 89' lang='lat' dir='ltr'><strong>capitum</strong></span> <span class='ocrx_word' id='word_1_231' title='bbox 1064 3068 1083 3108; x_wconf 88' lang='lat' dir='ltr'><strong>a</strong></span> <span class='ocrx_word' id='word_1_232' title='bbox 1103 3068 1194 3109; x_wconf 88' lang='lat' dir='ltr'><strong>mann</strong></span> <span class='ocrx_word' id='word_1_233' title='bbox 1216 3069 1240 3110; x_wconf 91' lang='lat' dir='ltr'><strong>s.</strong></span> <span class='ocrx_word' id='word_1_234' title='bbox 1257 3049 1351 3109; x_wconf 90' lang='lat' dir='ltr'><strong>XVII</strong></span> <span class='ocrx_word' id='word_1_235' title='bbox 1372 3050 1489 3109; x_wconf 87' lang='lat' dir='ltr'><strong>infolio</strong></span> 
     </span>
     <span class='ocr_line' id='line_1_28' title="bbox 262 3133 689 3194; baseline 0 -1"><span class='ocrx_word' id='word_1_236' title='bbox 262 3154 324 3193; x_wconf 91' lang='lat' dir='ltr'><strong>non</strong></span> <span class='ocrx_word' id='word_1_237' title='bbox 347 3140 501 3193; x_wconf 87' lang='lat' dir='ltr'><strong>numerato</strong></span> <span class='ocrx_word' id='word_1_238' title='bbox 524 3133 689 3194; x_wconf 86' lang='lat' dir='ltr'><strong>subiuncta.</strong></span> 
     </span>
    </p>
   </div>
   <div class='ocr_carea' id='block_1_7' title="bbox 162 3232 1491 3658">
    <p class='ocr_par' dir='ltr' id='par_1_7' title="bbox 162 3232 1491 3658">
     <span class='ocr_line' id='line_1_29' title="bbox 162 3232 1491 3336; baseline 0.002 -41"><span class='ocrx_word' id='word_1_239' title='bbox 162 3237 252 3299; x_wconf 91' lang='grc'><strong>3375.</strong></span> <span class='ocrx_word' id='word_1_240' title='bbox 270 3236 363 3336; x_wconf 72' lang='lat' dir='ltr'><strong>[Hiet.</strong></span> <span class='ocrx_word' id='word_1_241' title='bbox 383 3237 460 3336; x_wconf 84' lang='lat' dir='ltr'><strong>proi.</strong></span> <span class='ocrx_word' id='word_1_242' title='bbox 483 3236 565 3313; x_wconf 91' lang='grc'><strong>479.)</strong></span> <span class='ocrx_word' id='word_1_243' title='bbox 590 3236 635 3297; x_wconf 91' lang='lat' dir='ltr'><strong>oh.</strong></span> <span class='ocrx_word' id='word_1_244' title='bbox 658 3235 802 3297; x_wconf 61' lang='grc'><strong>14726.</strong></span> <span class='ocrx_word' id='word_1_245' title='bbox 825 3234 844 3295; x_wconf 95' lang='grc' dir='ltr'><strong>Ι.</strong></span> <span class='ocrx_word' id='word_1_246' title='bbox 891 3232 1090 3317; x_wconf 91' lang='grc'><strong>1.)1··.-25</strong></span> <span class='ocrx_word' id='word_1_247' title='bbox 1113 3234 1283 3297; x_wconf 82' lang='lat' dir='ltr'><strong>Chronicon</strong></span> <span class='ocrx_word' id='word_1_248' title='bbox 1297 3235 1491 3297; x_wconf 75' lang='lat' dir='ltr'><strong>Erlordiense</strong></span> 
     </span>
     <span class='ocr_line' id='line_1_30' title="bbox 263 3312 1489 3425; baseline -0.002 -43"><span class='ocrx_word' id='word_1_249' title='bbox 263 3321 303 3382; x_wconf 89' lang='lat' dir='ltr'><strong>ab</strong></span> <span class='ocrx_word' id='word_1_250' title='bbox 326 3322 410 3381; x_wconf 87' lang='lat' dir='ltr'><strong>initio</strong></span> <span class='ocrx_word' id='word_1_251' title='bbox 432 3322 579 3383; x_wconf 91' lang='lat' dir='ltr'><strong>mutilum.</strong></span> <span class='ocrx_word' id='word_1_252' title='bbox 608 3312 763 3425; x_wconf 88' lang='lat' dir='ltr'><strong>Incip.:‘.</strong></span> <span class='ocrx_word' id='word_1_253' title='bbox 778 3321 911 3385; x_wconf 89' lang='lat' dir='ltr'><strong>..elatus</strong></span> <span class='ocrx_word' id='word_1_254' title='bbox 932 3321 1028 3381; x_wconf 87' lang='lat' dir='ltr'><strong>factus</strong></span> <span class='ocrx_word' id='word_1_255' title='bbox 1049 3330 1096 3381; x_wconf 91' lang='lat' dir='ltr'><strong>est</strong></span> <span class='ocrx_word' id='word_1_256' title='bbox 1110 3322 1148 3381; x_wconf 90' lang='lat' dir='ltr'><strong>da</strong></span> <span class='ocrx_word' id='word_1_257' title='bbox 1162 3323 1346 3402; x_wconf 88' lang='lat' dir='ltr'><strong>pecunia..</strong></span> <span class='ocrx_word' id='word_1_258' title='bbox 1351 3313 1489 3401; x_wconf 62' lang='lat' dir='ltr'><strong>&#39;Expla</strong></span> 
     </span>
     <span class='ocr_line' id='line_1_31' title="bbox 259 3368 1491 3490; baseline -0.001 -22.991"><span class='ocrx_word' id='word_1_259' title='bbox 259 3398 436 3467; x_wconf 84' lang='lat' dir='ltr'><strong>‘hereticum</strong></span> <span class='ocrx_word' id='word_1_260' title='bbox 459 3398 704 3486; x_wconf 78' lang='lat' dir='ltr'><strong>condempnauit’</strong></span> <span class='ocrx_word' id='word_1_261' title='bbox 752 3368 797 3490; x_wconf 86' lang='grc'><strong>2.)</strong></span> <span class='ocrx_word' id='word_1_262' title='bbox 820 3410 860 3466; x_wconf 91' lang='grc'><strong>25</strong></span> <span class='ocrx_word' id='word_1_263' title='bbox 862 3409 982 3468; x_wconf 87' lang='grc'><strong>·-26·.</strong></span> <span class='ocrx_word' id='word_1_264' title='bbox 1013 3406 1147 3468; x_wconf 82' lang='lat' dir='ltr'><strong>Annales</strong></span> <span class='ocrx_word' id='word_1_265' title='bbox 1176 3407 1283 3469; x_wconf 83' lang='lat' dir='ltr'><strong>breves</strong></span> <span class='ocrx_word' id='word_1_266' title='bbox 1311 3408 1491 3467; x_wconf 85' lang='lat' dir='ltr'><strong>monasteria</strong></span> 
     </span>
     <span class='ocr_line' id='line_1_32' title="bbox 261 3484 1491 3595; baseline -0.002 -42"><span class='ocrx_word' id='word_1_267' title='bbox 261 3492 411 3553; x_wconf 73' lang='lat' dir='ltr'><strong>Ert&#39;ordia</strong></span> <span class='ocrx_word' id='word_1_268' title='bbox 443 3493 614 3595; x_wconf 71' lang='lat' dir='ltr'><strong>precipue</strong></span> <span class='ocrx_word' id='word_1_269' title='bbox 627 3501 848 3553; x_wconf 78' lang='lat' dir='ltr'><strong>concernentes.</strong></span> <span class='ocrx_word' id='word_1_270' title='bbox 893 3492 1006 3574; x_wconf 91' lang='lat' dir='ltr'><strong>Incip:</strong></span> <span class='ocrx_word' id='word_1_271' title='bbox 1034 3484 1135 3552; x_wconf 83' lang='lat' dir='ltr'><strong>‘Anno</strong></span> <span class='ocrx_word' id='word_1_272' title='bbox 1163 3492 1274 3553; x_wconf 91' lang='lat' dir='ltr'><strong>domini</strong></span> <span class='ocrx_word' id='word_1_273' title='bbox 1304 3492 1382 3553; x_wconf 76' lang='lat'><strong>001.</strong></span> <span class='ocrx_word' id='word_1_274' title='bbox 1410 3493 1491 3573; x_wconf 90' lang='lat' dir='ltr'><strong>cepit</strong></span> 
     </span>
     <span class='ocr_line' id='line_1_33' title="bbox 265 3568 1125 3658; baseline -0.001 -19"><span class='ocrx_word' id='word_1_275' title='bbox 265 3578 448 3639; x_wconf 87' lang='lat' dir='ltr'><strong>monasticus</strong></span> <span class='ocrx_word' id='word_1_276' title='bbox 471 3576 600 3640; x_wconf 88' lang='lat' dir='ltr'><strong>ordo...</strong></span> <span class='ocrx_word' id='word_1_277' title='bbox 605 3568 742 3658; x_wconf 75' lang='lat' dir='ltr'><strong>&#39;.:lepl</strong></span> <span class='ocrx_word' id='word_1_278' title='bbox 763 3572 956 3658; x_wconf 87' lang='lat' dir='ltr'><strong>prelatorum</strong></span> <span class='ocrx_word' id='word_1_279' title='bbox 978 3570 1125 3640; x_wconf 56' lang='lat' dir='ltr'><strong>meorum!</strong></span> 
     </span>
    </p>
   </div>
   <div class='ocr_carea' id='block_1_8' title="bbox 162 3695 1300 3781">
    <p class='ocr_par' dir='ltr' id='par_1_8' title="bbox 162 3695 1300 3781">
     <span class='ocr_line' id='line_1_34' title="bbox 162 3695 1300 3781; baseline 0.004 -27"><span class='ocrx_word' id='word_1_280' title='bbox 162 3697 251 3762; x_wconf 88' lang='grc'><strong>3376.</strong></span> <span class='ocrx_word' id='word_1_281' title='bbox 268 3696 390 3781; x_wconf 86' lang='lat' dir='ltr'><strong>[Philol.</strong></span> <span class='ocrx_word' id='word_1_282' title='bbox 414 3695 478 3779; x_wconf 87' lang='grc'><strong>72.)</strong></span> <span class='ocrx_word' id='word_1_283' title='bbox 502 3697 547 3757; x_wconf 94' lang='lat' dir='ltr'><strong>ch.</strong></span> <span class='ocrx_word' id='word_1_284' title='bbox 569 3698 640 3757; x_wconf 89' lang='lat' dir='ltr'><strong>XV.</strong></span> <span class='ocrx_word' id='word_1_285' title='bbox 666 3700 735 3757; x_wconf 88' lang='grc'><strong>126.</strong></span> <span class='ocrx_word' id='word_1_286' title='bbox 758 3698 778 3757; x_wconf 91' lang='grc' dir='ltr'><strong>Ι.</strong></span> <span class='ocrx_word' id='word_1_287' title='bbox 822 3698 929 3758; x_wconf 88' lang='lat' dir='ltr'><strong>Petrus</strong></span> <span class='ocrx_word' id='word_1_288' title='bbox 952 3697 991 3759; x_wconf 91' lang='lat' dir='ltr'><strong>de</strong></span> <span class='ocrx_word' id='word_1_289' title='bbox 1012 3698 1127 3769; x_wconf 70' lang='lat' dir='ltr'><strong>Vinus,</strong></span> <span class='ocrx_word' id='word_1_290' title='bbox 1149 3697 1300 3777; x_wconf 80' lang='lat' dir='ltr'><strong>Epistola.</strong></span> 
     </span>
    </p>
   </div>
   <div class='ocr_carea' id='block_1_9' title="bbox 163 3814 1491 3898">
    <p class='ocr_par' dir='ltr' id='par_1_9' title="bbox 163 3814 1491 3898">
     <span class='ocr_line' id='line_1_35' title="bbox 163 3814 1491 3898; baseline 0.002 -23"><span class='ocrx_word' id='word_1_291' title='bbox 163 3816 251 3877; x_wconf 93' lang='grc'><strong>3377.</strong></span> <span class='ocrx_word' id='word_1_292' title='bbox 280 3815 390 3878; x_wconf 78' lang='lat' dir='ltr'><strong>Salisb.</strong></span> <span class='ocrx_word' id='word_1_293' title='bbox 408 3816 458 3877; x_wconf 88' lang='grc'><strong>36.</strong></span> <span class='ocrx_word' id='word_1_294' title='bbox 474 3814 520 3898; x_wconf 89' lang='grc' dir='ltr'><strong>Β.)</strong></span> <span class='ocrx_word' id='word_1_295' title='bbox 544 3815 589 3877; x_wconf 93' lang='lat' dir='ltr'><strong>ch.</strong></span> <span class='ocrx_word' id='word_1_296' title='bbox 605 3816 675 3877; x_wconf 91' lang='lat' dir='ltr'><strong>XV.</strong></span> <span class='ocrx_word' id='word_1_297' title='bbox 702 3818 771 3876; x_wconf 89' lang='grc'><strong>130.</strong></span> <span class='ocrx_word' id='word_1_298' title='bbox 787 3818 808 3880; x_wconf 92' lang='grc' dir='ltr'><strong>Ι.</strong></span> <span class='ocrx_word' id='word_1_299' title='bbox 847 3816 918 3879; x_wconf 92' lang='lat' dir='ltr'><strong>Otto</strong></span> <span class='ocrx_word' id='word_1_300' title='bbox 933 3818 1143 3896; x_wconf 75' lang='lat' dir='ltr'><strong>Frisingensia</strong></span> <span class='ocrx_word' id='word_1_301' title='bbox 1165 3818 1299 3877; x_wconf 86' lang='lat' dir='ltr'><strong>Historia</strong></span> <span class='ocrx_word' id='word_1_302' title='bbox 1314 3817 1491 3878; x_wconf 87' lang='lat' dir='ltr'><strong>FridericiI</strong></span> 
     </span>
    </p>
   </div>
   <div class='ocr_carea' id='block_1_10' title="bbox 260 3902 1490 4066">
    <p class='ocr_par' dir='ltr' id='par_1_10' title="bbox 260 3902 1490 4049">
     <span class='ocr_line' id='line_1_36' title="bbox 260 3902 1490 4006; baseline 0 -43"><span class='ocrx_word' id='word_1_303' title='bbox 260 3903 459 4006; x_wconf 87' lang='lat' dir='ltr'><strong>mperetoris</strong></span> <span class='ocrx_word' id='word_1_304' title='bbox 482 3922 549 3962; x_wconf 92' lang='lat' dir='ltr'><strong>cnm</strong></span> <span class='ocrx_word' id='word_1_305' title='bbox 571 3903 793 4005; x_wconf 87' lang='lat' dir='ltr'><strong>continuatione</strong></span> <span class='ocrx_word' id='word_1_306' title='bbox 814 3903 969 3975; x_wconf 87' lang='lat' dir='ltr'><strong>Radevici</strong></span> <span class='ocrx_word' id='word_1_307' title='bbox 1000 3904 1095 3983; x_wconf 87' lang='lat' dir='ltr'><strong>expl.:</strong></span> <span class='ocrx_word' id='word_1_308' title='bbox 1118 3906 1149 3963; x_wconf 89' lang='lat' dir='ltr'><strong>iu</strong></span> <span class='ocrx_word' id='word_1_309' title='bbox 1171 3904 1238 3963; x_wconf 91' lang='lat' dir='ltr'><strong>libri</strong></span> <span class='ocrx_word' id='word_1_310' title='bbox 1261 3902 1307 3963; x_wconf 92' lang='lat' dir='ltr'><strong>IV</strong></span> <span class='ocrx_word' id='word_1_311' title='bbox 1329 3904 1427 3984; x_wconf 88' lang='lat' dir='ltr'><strong>capite</strong></span> <span class='ocrx_word' id='word_1_312' title='bbox 1449 3905 1490 3963; x_wconf 88' lang='grc'><strong>68</strong></span> 
     </span>
     <span class='ocr_line' id='line_1_37' title="bbox 260 3978 1076 4066; baseline 0 -19"><span class='ocrx_word' id='word_1_313' title='bbox 260 3980 451 4048; x_wconf 83' lang='lat' dir='ltr'><strong>‘ieiuniorum</strong></span> <span class='ocrx_word' id='word_1_314' title='bbox 474 3996 505 4047; x_wconf 92' lang='lat' dir='ltr'><strong>et</strong></span> <span class='ocrx_word' id='word_1_315' title='bbox 526 3988 750 4050; x_wconf 89' lang='lat' dir='ltr'><strong>orationum...</strong></span> <span class='ocrx_word' id='word_1_316' title='bbox 755 3978 917 4051; x_wconf 69' lang='lat' dir='ltr'><strong>’Archia</strong></span> <span class='ocrx_word' id='word_1_317' title='bbox 940 3990 981 4066; x_wconf 87' lang='lat' dir='ltr'><strong>X,</strong></span> <span class='ocrx_word' id='word_1_318' title='bbox 1004 3991 1076 4051; x_wconf 92' lang='grc'><strong>547</strong></span> 
     </span>
    </p>
   </div>
   <div class='ocr_carea' id='block_1_11' title="bbox 164 4088 1491 4255">
    <p class='ocr_par' dir='ltr' id='par_1_11' title="bbox 164 4088 1491 4255">
     <span class='ocr_line' id='line_1_38' title="bbox 164 4088 1491 4173; baseline 0.002 -25"><span class='ocrx_word' id='word_1_319' title='bbox 164 4090 252 4151; x_wconf 91' lang='grc'><strong>3378.</strong></span> <span class='ocrx_word' id='word_1_320' title='bbox 269 4089 397 4173; x_wconf 80' lang='lat' dir='ltr'><strong>[Eugen.</strong></span> <span class='ocrx_word' id='word_1_321' title='bbox 421 4090 441 4152; x_wconf 94' lang='grc' dir='ltr'><strong>Ι.</strong></span> <span class='ocrx_word' id='word_1_322' title='bbox 467 4088 548 4173; x_wconf 90' lang='grc'><strong>104.)</strong></span> <span class='ocrx_word' id='word_1_323' title='bbox 573 4090 619 4151; x_wconf 94' lang='lat' dir='ltr'><strong>ch.</strong></span> <span class='ocrx_word' id='word_1_324' title='bbox 641 4090 728 4151; x_wconf 90' lang='lat' dir='ltr'><strong>XVI.</strong></span> <span class='ocrx_word' id='word_1_325' title='bbox 752 4092 824 4152; x_wconf 90' lang='grc'><strong>323.</strong></span> <span class='ocrx_word' id='word_1_326' title='bbox 846 4090 868 4155; x_wconf 91' lang='grc' dir='ltr'><strong>Ι</strong></span> <span class='ocrx_word' id='word_1_327' title='bbox 905 4090 1016 4150; x_wconf 85' lang='lat' dir='ltr'><strong>Album</strong></span> <span class='ocrx_word' id='word_1_328' title='bbox 1038 4090 1224 4150; x_wconf 91' lang='lat' dir='ltr'><strong>scabinorum</strong></span> <span class='ocrx_word' id='word_1_329' title='bbox 1245 4089 1327 4151; x_wconf 89' lang='lat' dir='ltr'><strong>urhis</strong></span> <span class='ocrx_word' id='word_1_330' title='bbox 1345 4090 1491 4151; x_wconf 85' lang='lat' dir='ltr'><strong>Metensis</strong></span> 
     </span>
     <span class='ocr_line' id='line_1_39' title="bbox 265 4175 1489 4255; baseline 0 -20"><span class='ocrx_word' id='word_1_331' title='bbox 265 4176 304 4237; x_wconf 89' lang='lat' dir='ltr'><strong>ah</strong></span> <span class='ocrx_word' id='word_1_332' title='bbox 327 4196 404 4235; x_wconf 90' lang='lat' dir='ltr'><strong>anno</strong></span> <span class='ocrx_word' id='word_1_333' title='bbox 429 4178 512 4235; x_wconf 95' lang='grc'><strong>1170</strong></span> <span class='ocrx_word' id='word_1_334' title='bbox 534 4196 629 4255; x_wconf 89' lang='lat' dir='ltr'><strong>nsque</strong></span> <span class='ocrx_word' id='word_1_335' title='bbox 652 4175 690 4235; x_wconf 90' lang='lat' dir='ltr'><strong>ad</strong></span> <span class='ocrx_word' id='word_1_336' title='bbox 713 4196 824 4236; x_wconf 90' lang='lat' dir='ltr'><strong>annum</strong></span> <span class='ocrx_word' id='word_1_337' title='bbox 849 4176 929 4235; x_wconf 92' lang='grc'><strong>1346</strong></span> <span class='ocrx_word' id='word_1_338' title='bbox 954 4185 984 4236; x_wconf 87' lang='lat' dir='ltr'><strong>et</strong></span> <span class='ocrx_word' id='word_1_339' title='bbox 1006 4197 1025 4235; x_wconf 92' lang='lat' dir='ltr'><strong>a</strong></span> <span class='ocrx_word' id='word_1_340' title='bbox 1046 4196 1136 4236; x_wconf 89' lang='lat' dir='ltr'><strong>manu</strong></span> <span class='ocrx_word' id='word_1_341' title='bbox 1157 4176 1314 4236; x_wconf 88' lang='lat' dir='ltr'><strong>recentiori</strong></span> <span class='ocrx_word' id='word_1_342' title='bbox 1337 4177 1489 4235; x_wconf 90' lang='lat' dir='ltr'><strong>continua·</strong></span> 
     </span>
    </p>
   </div>
   <div class='ocr_carea' id='block_1_12' title="bbox 264 4260 1491 4426">
    <p class='ocr_par' dir='ltr' id='par_1_12' title="bbox 264 4260 1491 4426">
     <span class='ocr_line' id='line_1_40' title="bbox 264 4260 1491 4342; baseline 0 -21"><span class='ocrx_word' id='word_1_343' title='bbox 264 4271 327 4321; x_wconf 89' lang='lat' dir='ltr'><strong>tum</strong></span> <span class='ocrx_word' id='word_1_344' title='bbox 356 4282 452 4342; x_wconf 87' lang='lat' dir='ltr'><strong>nsque</strong></span> <span class='ocrx_word' id='word_1_345' title='bbox 480 4260 518 4321; x_wconf 92' lang='lat' dir='ltr'><strong>ad</strong></span> <span class='ocrx_word' id='word_1_346' title='bbox 547 4280 657 4320; x_wconf 90' lang='lat' dir='ltr'><strong>annum</strong></span> <span class='ocrx_word' id='word_1_347' title='bbox 693 4263 784 4323; x_wconf 90' lang='grc'><strong>1512.</strong></span> <span class='ocrx_word' id='word_1_348' title='bbox 840 4260 1037 4322; x_wconf 81' lang='lat' dir='ltr'><strong>Continuator</strong></span> <span class='ocrx_word' id='word_1_349' title='bbox 1064 4262 1186 4321; x_wconf 89' lang='lat' dir='ltr'><strong>notitias</strong></span> <span class='ocrx_word' id='word_1_350' title='bbox 1212 4262 1311 4321; x_wconf 84' lang='lat' dir='ltr'><strong>varias</strong></span> <span class='ocrx_word' id='word_1_351' title='bbox 1337 4261 1491 4321; x_wconf 89' lang='lat' dir='ltr'><strong>historiam</strong></span> 
     </span>
     <span class='ocr_line' id='line_1_41' title="bbox 264 4346 763 4426; baseline 0 -21"><span class='ocrx_word' id='word_1_352' title='bbox 264 4346 431 4407; x_wconf 82' lang='lat' dir='ltr'><strong>Metensem</strong></span> <span class='ocrx_word' id='word_1_353' title='bbox 453 4354 622 4426; x_wconf 83' lang='lat' dir='ltr'><strong>spectantes</strong></span> <span class='ocrx_word' id='word_1_354' title='bbox 644 4346 763 4425; x_wconf 89' lang='lat' dir='ltr'><strong>adjecit.</strong></span> 
     </span>
    </p>
   </div>
   <div class='ocr_carea' id='block_1_13' title="bbox 164 4444 1491 4871">
    <p class='ocr_par' dir='ltr' id='par_1_13' title="bbox 164 4444 1491 4871">
     <span class='ocr_line' id='line_1_42' title="bbox 164 4444 1491 4533; baseline 0.002 -27"><span class='ocrx_word' id='word_1_355' title='bbox 164 4448 252 4511; x_wconf 89' lang='grc'><strong>3379.</strong></span> <span class='ocrx_word' id='word_1_356' title='bbox 269 4446 319 4531; x_wconf 88' lang='lat' dir='ltr'><strong>[N.</strong></span> <span class='ocrx_word' id='word_1_357' title='bbox 349 4470 373 4510; x_wconf 89' lang='lat' dir='ltr'><strong>s.</strong></span> <span class='ocrx_word' id='word_1_358' title='bbox 403 4446 444 4530; x_wconf 88' lang='grc' dir='ltr'>ιι.)</span> <span class='ocrx_word' id='word_1_359' title='bbox 477 4448 522 4510; x_wconf 89' lang='lat' dir='ltr'><strong>ch.</strong></span> <span class='ocrx_word' id='word_1_360' title='bbox 550 4448 621 4510; x_wconf 87' lang='lat' dir='ltr'><strong>XV.</strong></span> <span class='ocrx_word' id='word_1_361' title='bbox 651 4444 764 4533; x_wconf 87' lang='grc'><strong>(1410)</strong></span> <span class='ocrx_word' id='word_1_362' title='bbox 788 4450 838 4508; x_wconf 89' lang='grc'><strong>85.</strong></span> <span class='ocrx_word' id='word_1_363' title='bbox 862 4448 881 4507; x_wconf 91' lang='grc' dir='ltr'><strong>Ι.</strong></span> <span class='ocrx_word' id='word_1_364' title='bbox 945 4453 982 4526; x_wconf 92' lang='grc'><strong>1)</strong></span> <span class='ocrx_word' id='word_1_365' title='bbox 1007 4451 1147 4510; x_wconf 84' lang='grc'><strong>1·-80·.</strong></span> <span class='ocrx_word' id='word_1_366' title='bbox 1176 4446 1392 4520; x_wconf 80' lang='lat' dir='ltr'><strong>Grammatioa,</strong></span> <span class='ocrx_word' id='word_1_367' title='bbox 1423 4468 1491 4528; x_wconf 83' lang='lat' dir='ltr'><strong>quse</strong></span> 
     </span>
     <span class='ocr_line' id='line_1_43' title="bbox 265 4532 1490 4613; baseline 0 -20"><span class='ocrx_word' id='word_1_368' title='bbox 265 4535 398 4594; x_wconf 90' lang='lat' dir='ltr'><strong>dicitur&#39;</strong></span> <span class='ocrx_word' id='word_1_369' title='bbox 391 4554 422 4595; x_wconf 89' lang='lat' dir='ltr'><strong>m</strong></span> <span class='ocrx_word' id='word_1_370' title='bbox 436 4534 558 4613; x_wconf 81' lang='lat' dir='ltr'><strong>prologo</strong></span> <span class='ocrx_word' id='word_1_371' title='bbox 575 4532 763 4607; x_wconf 67' lang='lat' dir='ltr'><strong>emmonius,</strong></span> <span class='ocrx_word' id='word_1_372' title='bbox 787 4534 969 4594; x_wconf 86' lang='lat' dir='ltr'><strong>hexametris</strong></span> <span class='ocrx_word' id='word_1_373' title='bbox 992 4537 1169 4595; x_wconf 86' lang='lat' dir='ltr'><strong>concinnata</strong></span> <span class='ocrx_word' id='word_1_374' title='bbox 1189 4543 1220 4594; x_wconf 90' lang='lat' dir='ltr'><strong>et</strong></span> <span class='ocrx_word' id='word_1_375' title='bbox 1242 4553 1378 4594; x_wconf 85' lang='lat' dir='ltr'><strong>sermone</strong></span> <span class='ocrx_word' id='word_1_376' title='bbox 1393 4534 1490 4593; x_wconf 91' lang='lat' dir='ltr'><strong>soluto</strong></span> 
     </span>
     <span class='ocr_line' id='line_1_44' title="bbox 266 4611 1476 4725; baseline -0.001 -46"><span class='ocrx_word' id='word_1_377' title='bbox 266 4621 425 4722; x_wconf 77' lang='lat' dir='ltr'><strong>explicata</strong></span> <span class='ocrx_word' id='word_1_378' title='bbox 468 4620 577 4699; x_wconf 88' lang='lat' dir='ltr'><strong>Incip..</strong></span> <span class='ocrx_word' id='word_1_379' title='bbox 604 4611 714 4695; x_wconf 81' lang='lat' dir='ltr'><strong>Quale</strong></span> <span class='ocrx_word' id='word_1_380' title='bbox 741 4621 894 4680; x_wconf 88' lang='lat' dir='ltr'><strong>materiem</strong></span> <span class='ocrx_word' id='word_1_381' title='bbox 921 4622 1031 4725; x_wconf 80' lang='lat' dir='ltr'><strong>legit&#39;</strong></span> <span class='ocrx_word' id='word_1_382' title='bbox 1022 4621 1195 4700; x_wconf 81' lang='lat' dir='ltr'><strong>ingeniosus</strong></span> <span class='ocrx_word' id='word_1_383' title='bbox 1222 4619 1260 4679; x_wconf 87' lang='lat' dir='ltr'><strong>ad</strong></span> <span class='ocrx_word' id='word_1_384' title='bbox 1287 4638 1476 4699; x_wconf 79' lang='lat' dir='ltr'><strong>unguem...</strong></span> 
     </span>
     <span class='ocr_line' id='line_1_45' title="bbox 264 4697 1491 4785; baseline -0.002 -19"><span class='ocrx_word' id='word_1_385' title='bbox 264 4706 369 4785; x_wconf 82' lang='lat' dir='ltr'><strong>Expl:</strong></span> <span class='ocrx_word' id='word_1_386' title='bbox 383 4697 440 4764; x_wconf 84' lang='lat' dir='ltr'><strong>Et</strong></span> <span class='ocrx_word' id='word_1_387' title='bbox 461 4704 517 4765; x_wconf 90' lang='lat' dir='ltr'><strong>hec</strong></span> <span class='ocrx_word' id='word_1_388' title='bbox 539 4704 577 4764; x_wconf 91' lang='lat' dir='ltr'><strong>de</strong></span> <span class='ocrx_word' id='word_1_389' title='bbox 599 4714 723 4765; x_wconf 89' lang='lat' dir='ltr'><strong>accentu</strong></span> <span class='ocrx_word' id='word_1_390' title='bbox 744 4704 824 4765; x_wconf 91' lang='lat' dir='ltr'><strong>dicta</strong></span> <span class='ocrx_word' id='word_1_391' title='bbox 846 4697 1010 4768; x_wconf 60' lang='lat' dir='ltr'><strong>sufficiant?</strong></span> <span class='ocrx_word' id='word_1_392' title='bbox 1056 4710 1098 4783; x_wconf 83' lang='lat'><strong>2.)</strong></span> <span class='ocrx_word' id='word_1_393' title='bbox 1115 4704 1290 4767; x_wconf 72' lang='grc'><strong>80·-81·.</strong></span> <span class='ocrx_word' id='word_1_394' title='bbox 1314 4704 1491 4765; x_wconf 83' lang='lat' dir='ltr'><strong>Hexametri</strong></span> 
     </span>
     <span class='ocr_line' id='line_1_46' title="bbox 265 4790 1491 4871; baseline -0.001 -20"><span class='ocrx_word' id='word_1_395' title='bbox 265 4792 453 4851; x_wconf 85' lang='lat' dir='ltr'><strong>memoriales</strong></span> <span class='ocrx_word' id='word_1_396' title='bbox 476 4790 515 4851; x_wconf 93' lang='lat' dir='ltr'><strong>de</strong></span> <span class='ocrx_word' id='word_1_397' title='bbox 537 4792 713 4852; x_wconf 90' lang='lat' dir='ltr'><strong>contentis</strong></span> <span class='ocrx_word' id='word_1_398' title='bbox 706 4812 736 4851; x_wconf 88' lang='grc' dir='ltr'><strong>ιιι</strong></span> <span class='ocrx_word' id='word_1_399' title='bbox 758 4791 884 4869; x_wconf 85' lang='lat' dir='ltr'><strong>singulis</strong></span> <span class='ocrx_word' id='word_1_400' title='bbox 906 4791 942 4853; x_wconf 93' lang='lat' dir='ltr'><strong>P.</strong></span> <span class='ocrx_word' id='word_1_401' title='bbox 957 4793 1076 4871; x_wconf 84' lang='lat' dir='ltr'><strong>Virgilii</strong></span> <span class='ocrx_word' id='word_1_402' title='bbox 1097 4792 1228 4851; x_wconf 86' lang='lat' dir='ltr'><strong>Maronis</strong></span> <span class='ocrx_word' id='word_1_403' title='bbox 1247 4790 1331 4851; x_wconf 86' lang='lat' dir='ltr'><strong>libris</strong></span> <span class='ocrx_word' id='word_1_404' title='bbox 1352 4812 1419 4851; x_wconf 92' lang='lat' dir='ltr'><strong>cnm</strong></span> <span class='ocrx_word' id='word_1_405' title='bbox 1439 4810 1491 4851; x_wconf 87' lang='lat' dir='ltr'><strong>ex·</strong></span> 
     </span>
    </p>
   </div>
   <div class='ocr_carea' id='block_1_14' title="bbox 0 0 1869 5734">
    <p class='ocr_par' dir='ltr' id='par_1_14' title="bbox 0 0 1869 5734">
     <span class='ocr_line' id='line_1_47' title="bbox 0 0 1869 5734; baseline 0 0"><span class='ocrx_word' id='word_1_406' title='bbox 0 0 1869 5734; x_wconf 95' lang='lat' dir='ltr'><strong> </strong></span> 
     </span>
    </p>
   </div>
  </div>
 </body>
</html>
