3709 5734
990 550 1056 621 344

356 746 568 801 Fridericus
591 744 626 801 de
649 742 837 818 Grilleuberg,
859 745 1073 801 Testamentum
1094 748 1160 800 anni
1186 747 1295 803 1235.
1351 788 1359 804 .
1414 787 1423 803 .
1480 787 1488 801 .
1542 746 1640 813 2155,
1662 746 1691 799 8.

357 832 571 899 Frontinus,
595 830 696 885 Sextus
718 830 820 903 Julius,
845 830 1099 903 Stratsgematicon
1122 832 1186 886 libri
1209 833 1298 889 IV..
1353 873 1361 889 .
1420 834 1515 888 3035.
1540 833 1638 899 3131,
1663 830 1690 885 1.

357 918 624 989 Fucbsmagan‚
648 916 708 984 Dr⁸¹
731 916 842 971 Relatio
873 917 908 972 de
936 916 1030 973 Caroli
1052 917 1178 973 Audacia
1205 918 1387 991 Burgundiaa
1414 920 1496 991 (lucis

532 1018 650 1056 ascensu
672 1010 701 1056 et
724 1002 840 1057 interitu
905 1041 1490 1061 ..........
1527 1002 1626 1066 3334,
1650 1001 1691 1055 3“.

358 1090 544 1153 Fiirterer,
567 1086 687 1155 Ulricus,
717 1088 750 1141 V.
774 1088 917 1153 Fiietcrer‚
942 1088 1063 1145 Ulricns.

357 1174 539 1229 Fiietcrer
560 1171 687 1229 Ulricus.
712 1172 844 1228 Carmina
865 1174 1028 1245 germanica
1041 1173 1155 1228 heroica
1169 1174 1317 1245 inscripta:
1335 1159 1427 1229 ‘Buclr
1444 1174 1494 1229 der

533 1242 692 1313 abentcuer'
716 1295 1426 1315 ............
1474 1257 1571 1313 3037.
1599 1256 1692 1310 3038.

400 1371 443 1381 -
486 1342 605 1398 Carmen
629 1344 739 1414 epicum
762 1344 847 1398 vitam
871 1344 982 1400 Merlini
1005 1361 1139 1399 enarrans
1161 1382 1488 1401 ......
1599 1341 1692 1395 2888.

358 1428 581 1499 Fulgentius
604 1429 689 1499 episc.
712 1428 881 1500 Ruspensis,
904 1430 949 1483 De
970 1428 1027 1485 tide
1049 1430 1086 1483 ad
1108 1429 1252 1485 Donatum
1274 1438 1303 1485 ot
1322 1431 1359 1485 ad
1380 1431 1495 1486 Patrnm
1543 1428 1642 1494 2223,
1667 1426 1693 1480 7.
1762 1432 1764 1459 ³

403 1542 443 1551 —-
486 1514 531 1569 De
553 1513 722 1585 imaginibus
745 1516 861 1570 deorum
904 1549 914 1567 .
971 1554 977 1565 .
1033 1552 1040 1565 .
1099 1554 1105 1569 .
1161 1550 1169 1569 .
1227 1552 1234 1567 .
1287 1551 1296 1569 .
1355 1552 1362 1567 .
1418 1550 1427 1569 .
1480 1554 1488 1569 .
1544 1513 1643 1579 3027,
1666 1513 1693 1565 3.
1762 1538 1764 1561 i

358 1600 508 1661 Fuscus,
534 1600 728 1669 Ariminensis,
751 1598 812 1655 Ode
834 1601 870 1657 de
892 1605 985 1656 terrae
1006 1606 1084 1654 motu
1105 1600 1299 1659 bononiensi.
1355 1636 1365 1654 .
1420 1639 1427 1653 .
1483 1639 1490 1655 .
1544 1598 1643 1664 3236,
1666 1597 1694 1651 3.

359 1685 504 1754 Cadius,
527 1683 675 1755 Georgius,
699 1684 819 1741 Carmen
842 1686 1071 1741 encomiasticum
1101 1722 1490 1741 .......
1544 1684 1644 1747 3482,
1668 1700 1693 1736 a.

360 1770 514 1841 Gaguin,
531 1769 678 1836 Robertus,
700 1771 805 1825 Potine
827 1771 946 1825 latinum
968 1772 1003 1825 de
1024 1776 1108 1841 raptu
1130 1770 1206 1827 filiae
1220 1772 1295 1843 regis
1308 1772 1496 1827 Romanorum
1522 1769 1623 1834 3132,
1648 1769 1693 1822 12.

360 1856 546 1923 Galatens,
570 1854 719 1925 Antonius,
743 1856 871 1927 Epistola
892 1858 929 1911 ad
953 1856 1118 1911 Belisarium
1141 1848 1360 1927 Aquaviram.
1414 1896 1423 1913 .
1483 1898 1490 1911 .
1546 1855 1645 1922 2333,
1668 1854 1692 1907 7.

360 1942 535 2007 Galenus,
565 1941 716 1995 Anatomia
779 1978 1491 1998 ............
1545 1940 1644 2005 2325,
1666 1940 1692 1992 5.

400 2054 443 2065 --
488 2025 710 2081 Commentarius
733 2026 761 2080 in
784 2027 966 2098 Hippocratis
988 2027 1163 2099 aphorismos
1229 2068 1236 2080 .
1293 2068 1299 2081 .
1372 2025 1693 2093 2272,1.2328,1.
1762 2074 1764 2087 ,

402 2142 445 2153 -
489 2110 688 2167 Commentarii
710 2112 739 2165 in
761 2112 936 2183 aphorismos
957 2114 1140 2185 Hippocratis
1162 2131 1196 2169 ex
1215 2114 1344 2169 versione
1359 2114 1495 2169 Constan·
1762 2096 1764 2157 7

536 2196 589 2251 tini
612 2197 757 2251 Africani¹
778 2235 1489 2254 ............
1543 2196 1643 2264 2305,
1665 2194 1694 2249 4.

405 2308 442 2318 -
489 2280 688 2337 Commentarii
710 2282 738 2335 in
762 2282 943 2354 Hippocratis
966 2285 1001 2339 ds
1024 2285 1119 2338 diaeta
1140 2291 1285 2339 acutorum
1355 2322 1363 2337 .
1418 2325 1425 2338 .
1482 2324 1490 2337 .
1546 2281 1646 2349 2305,
1668 2282 1695 2334 6.
1762 2302 1764 2337 ;

405 2396 442 2404 -
489 2366 713 2421 Commentarius
735 2369 764 2421 in
786 2369 968 2439 Hippocratis
990 2371 1025 2424 de
1049 2369 1184 2441 regimine
1205 2378 1352 2425 acutorum
1374 2370 1466 2434 2303,
1491 2370 1521 2422 2.
1547 2366 1647 2434 2328,
1669 2366 1695 2419 5.

405 2479 446 2491 -
491 2451 691 2507 Commentarii
714 2452 742 2506 in
766 2455 947 2525 prognostica
969 2455 1151 2526 Hippocratis
1165 2492 1491 2511 ......
1546 2452 1646 2519 2305,
1667 2452 1695 2505 5.
1762 2502 1764 2535 Ι

405 2564 445 2577 -
490 2538 582 2609 Tegui
605 2539 697 2605 2500,
722 2538 750 2592 8.
775 2540 865 2605 2524,
891 2540 940 2594 14.
964 2559 1027 2595 cum
1049 2546 1207 2595 commento
1230 2576 1492 2597 .....
1547 2538 1647 2604 2305,
1670 2537 1695 2590 7.
1762 2536 1764 2575 ἱ

404 2650 448 2659 -
490 2622 583 2694 Tegni
605 2625 758 2678 secundum
781 2626 924 2696 antiquam
948 2626 1159 2682 translationem
1229 2662 1493 2682 .....
1547 2622 1647 2691 2504,
1668 2623 1695 2677 2.

407 2734 450 2745 -
493 2708 585 2781 Tegni
608 2727 671 2763 cum
694 2711 900 2765 commentariis
923 2711 999 2781 Haly
1021 2712 1082 2766 Ben
1103 2711 1240 2767 Redbvan
1293 2749 1300 2763 .
1356 2748 1365 2764 .
1421 2748 1428 2762 .
1484 2749 1492 2766 .
1546 2704 1657 2773 2320,'
1669 2710 1695 2761 6.
1762 2752 1764 2757 .

408 2825 446 2836 -
491 2792 583 2865 'regni
605 2812 629 2849 c.
652 2812 751 2849 comm.
774 2795 850 2867 Haly
872 2796 933 2852 Ben
954 2796 1090 2851 Redhvan
1113 2804 1141 2850 st
1161 2797 1236 2852 notis
1258 2795 1491 2867 marginalibus.
1546 2794 1647 2861 2315,
1668 2794 1695 2847 4.
1762 2806 1764 2861 ξ

406 2906 448 2918 -
492 2880 643 2949 Appendix
665 2882 701 2935 ad
723 2880 816 2953 Tegui
836 2881 991 2952 interprete
1014 2882 1216 2954 Burgundione
1237 2882 1364 2937 Pisano.
1420 2920 1428 2936 .
1485 2922 1493 2936 .
1547 2881 1647 2945 2504,
1670 2880 1696 2933 3.
1762 2914 1764 2937 r

406 2993 447 3005 -
490 2964 535 3019 De
558 2972 775 3036 symptomatum
798 2967 889 3021 causis
911 2968 1012 3022 1-111
1036 3002 1428 3022 .......
1480 2966 1579 3025 2273,
1606 2965 1695 3019 8-3.
1762 3006 1764 3039 ÷

405 3078 447 3090 ·-
494 3051 536 3105 De
558 3052 697 3107 accidenti
720 3057 749 3107 et
770 3052 867 3107 morbo
890 3052 946 3121 (De
968 3059 1184 3124 symptomatum
1206 3045 1311 3124 causis)
1358 3090 1365 3105 .
1422 3092 1429 3105 .
1485 3088 1493 3103 .
1547 3051 1647 3111 2234,
1669 3050 1694 3104 8.
1762 3040 1764 3063 '

407 3162 446 3175 ·-
491 3136 536 3191 De
558 3137 655 3192 morbo
678 3142 707 3192 ct
728 3138 872 3193 accidente
893 3156 943 3193 seu
960 3140 996 3193 de
1010 3139 1171 3193 morborum
1186 3137 1350 3193 differentiis
1374 3137 1467 3204 2273,
1490 3136 1521 3191 4.
1547 3136 1646 3203 2234,
1667 3136 1693 3189 3.
1762 3164 1764 3183 ι

407 3252 446 3265 ·-—
491 3222 536 3276 De
558 3222 751 3277 accidentibus
773 3218 829 3291 (De
851 3230 1069 3295 symptomatum
1092 3218 1299 3296 differentiis).
1372 3223 1465 3291 2273,
1489 3222 1520 3275 6.
1546 3222 1646 3286 2234,
1666 3221 1692 3274 5.

408 3340 446 3349 -
491 3307 536 3361 De
558 3325 644 3362 causa
666 3308 756 3361 morbi
783 3344 1492 3363 ............
1547 3307 1646 3369 2273,
1667 3306 1693 3359 5.
1762 3304 1764 3379 ᾗ

406 3420 449 3431 -
491 3392 536 3447 De
559 3392 718 3448 morborum
742 3393 833 3449 causis
847 3430 1492 3449 ...........
1546 3393 1645 3457 2234,
1666 3393 1693 3445 4.

406 3506 448 3515 -
491 3477 578 3533 Liber
611 3480 646 3535 de
678 3479 917 3549 complexionibus
948 3472 1199 3553 (temperamentis)
1226 3478 1378 3534 translatus
1399 3496 1419 3533 s
1440 3476 1496 3533 Cra·
1762 3464 1764 3485 '

538 3564 616 3619 raldo
640 3563 821 3621 Cremonensi
844 3599 1300 3621 ........
1350 3563 1444 3629 2273,
1469 3566 1497 3619 1.
1522 3563 1621 3631 2234,
1646 3564 1691 3616 11.

409 3680 445 3690 -
493 3648 538 3703 De
560 3649 678 3704 crisibus
716 3687 1302 3707 ..........
1330 3648 1693 3717 2273,12.2234.13.

405 3760 446 3770 —
491 3732 536 3788 De
558 3735 662 3789 criticis
684 3734 784 3791 diebus
846 3770 1302 3792 ........
1351 3735 1445 3803 2272,
1469 3734 1499 3789 3.
1523 3734 1624 3801 2234,
1648 3733 1692 3787 14.

407 3846 447 3857 -
493 3818 539 3874 De
560 3820 696 3891 regimine
718 3820 847 3876 sanitatis
871 3812 927 3891 (De
950 3821 1072 3877 sanitate
1093 3818 1210 3885 tuenda)
1228 3855 1493 3875 .....
1523 3819 1693 3885 2234,10.

405 3930 446 3941 -
490 3904 577 3959 Liber
600 3906 643 3961 De
664 3906 801 3978 regimine
823 3906 952 3961 sanitatis
973 3923 991 3961 a
1012 3906 1215 3977 Burgundione
1235 3904 1340 3961 Pisano
1361 3922 1496 3961 sersus.
1548 3904 1646 3973 2272,
1667 3904 1694 3959 2.

405 4016 445 4027 -
489 3990 533 4045 De
555 3990 721 4047 differentiis
742 3992 871 4062 febrium,
894 3992 1098 4063 Burgundiona
1119 3992 1273 4062 interprete
1327 3990 1423 4064 2273,
1447 3990 1496 4043 14.
1521 3990 1622 4056 2234,
1646 3990 1693 4044 12.

408 4102 449 4112 -
493 4076 538 4130 De
561 4076 675 4149 ingenio
697 4077 826 4132 sanitatis
845 4111 1492 4131 ...........
1545 4076 1644 4145 2273,
1667 4075 1694 4129 2.
1762 4074 1764 4167 l

406 4186 450 4199 -·
494 4162 539 4215 De
560 4162 673 4233 ingenio
696 4162 825 4217 sanitatis
846 4161 895 4217 lib.
920 4162 1024 4216 7-13
1049 4169 1078 4217 at
1098 4162 1209 4216 initium
1233 4161 1299 4215 14.
1355 4155 1373 4213 .’
1419 4199 1426 4223 .
1481 4197 1490 4213 .
1545 4161 1644 4229 2272,
1665 4160 1693 4214 8.

403 4273 445 4284 -
490 4246 546 4315 (De
569 4248 700 4322 methodo
722 4237 866 4323 medendi)
896 4248 940 4302 Ds
963 4248 1075 4319 ingenio
1098 4247 1226 4302 sanitatis
1248 4246 1326 4317 quod
1347 4244 1500 4301 deficiebat

540 4333 575 4387 de
590 4333 997 4405 translationeBurgundionis
1020 4334 1186 4388 translatum
1208 4350 1259 4403 per
1273 4332 1307 4387 P.
1329 4333 1366 4386 ds
1388 4331 1500 4386 Albano
1548 4331 1646 4401 2234,
1670 4331 1694 4385 1.

403 4443 445 4455 -
489 4417 533 4471 De
555 4417 736 4474 interioribus
760 4412 816 4492 (De
837 4418 906 4473 lucis
929 4415 1049 4487 affectis)
1093 4458 1100 4471 .
1156 4418 1276 4486 ,2272,
1300 4418 1329 4473 4.
1353 4418 1446 4485 2273,
1470 4418 1522 4471 10.
1547 4418 1645 4487 2234,
1667 4417 1694 4470 2.

407 4532 447 4541 --
493 4502 538 4557 De
556 4505 730 4573 juvamentis
746 4503 932 4559 membrorum
945 4498 1088 4577 (Epitome
1101 4503 1236 4559 librorum
1251 4521 1351 4560 novem
1372 4502 1499 4573 priorum

537 4590 573 4645 de
595 4608 648 4645 usn
671 4590 792 4661 partium
815 4589 941 4661 corporis
962 4584 1090 4661 hnmani)
1162 4625 1491 4644 ......
1521 4588 1622 4655 2273,
1647 4588 1693 4641 11.

407 4706 441 4716 -
488 4674 533 4729 Da
560 4670 668 4732 malitia
694 4674 895 4747 complexionis
923 4672 1053 4733 diversae
1080 4672 1136 4744 (Ds
1158 4675 1301 4746 inaequali
1321 4670 1501 4746 intemperie)
1546 4674 1645 4738 2272,
1667 4674 1692 4725 t.

1548 4760 1646 4829 2234,
1667 4758 1691 4810 7.
