3709 5734
228 579 435 636 1869-1878
809 568 877 637 Μ

286 784 372 824 usum
394 761 503 841 psalmi
525 760 663 821 cantandi
685 760 753 821 sint
791 758 888 819 Multa
908 757 981 817 folia
1002 756 1100 817 lacera
1121 755 1171 815 vel
1193 755 1305 815 avulsa.
1374 751 1449 813 17-
1462 752 1505 811 67.

289 848 506 919 calendarium,
530 848 577 906 cui
598 848 709 906 mensis
730 844 898 905 December
919 843 1013 903 deest.

193 971 275 1029 1870.
288 968 374 1051 [Nor.
393 967 474 1051 104.)
496 990 536 1029 ιιι.
550 968 638 1029 XIV.
663 968 733 1026 115.
756 962 802 1025 47.
844 965 1031 1033 Psaltsrinm,
1055 961 1178 1039 adjectis
1197 961 1318 1021 canticis
1340 960 1454 1019 biblicis
1478 969 1508 1020 et

287 1056 508 1127 ecclesiasticis,
532 1074 599 1113 enm
620 1054 698 1113 notis
719 1052 847 1113 musicis.
893 1052 986 1110 1-7
1010 1047 1220 1108 Calendarinm
1244 1066 1310 1105 cum
1332 1047 1443 1105 litania.

193 1174 414 1257 1871010001.
436 1174 473 1250 Q.
499 1172 580 1256 122.)
602 1196 641 1233 m.
664 1182 695 1233 et
716 1173 761 1231 ch.
784 1172 854 1231 XV.
879 1174 949 1231 127.
973 1172 1018 1231 4⁰.
1060 1168 1196 1241 Missale,
1220 1170 1371 1228 continens
1390 1156 1506 1225 ‘missas

287 1264 402 1321 uotinas
425 1281 478 1321 seu
499 1250 650 1339 speciales’
676 1260 708 1317 in
729 1278 815 1317 nsum
837 1256 1075 1317 conventualium
1096 1254 1266 1315 monasterii
1288 1250 1507 1313 Lunaelacensis

290 1345 327 1406 0.
348 1346 380 1405 S.
402 1347 438 1407 B.

194 1464 377 1548 18720701.
400 1457 486 1547 248.)
516 1485 555 1523 m.
587 1464 657 1523 XV.
689 1464 760 1523 368.
792 1460 837 1521 47.
881 1462 1065 1522 Breviarinm
1089 1460 1307 1522 Carthasiense.
1375 1458 1506 1519 1⁸*6¹³.

287 1552 505 1612 Calendarinm.
572 1550 784 1609 teob—367·
807 1557 923 1607 vacant.
990 1548 1207 1607 sarh-368¹.
1251 1545 1369 1605 Tabula
1391 1553 1507 1623 epacta·

288 1658 362 1696 rum.
407 1638 445 1695 In
465 1637 542 1695 foliis
563 1654 686 1695 numero
712 1655 773 1693 non
801 1635 924 1711 signatis
952 1634 1028 1693 inter
1049 1634 1165 1692 thecam
1188 1633 1362 1691 anteriorem
1386 1639 1416 1689 et
1437 1629 1508 1687 folia

286 1724 403 1800 0150010
423 1722 619 1799 fragmentum
634 1721 801 1800 diplomatis
816 1720 878 1778 dati
892 1720 995 1779 Romae
1012 1720 1102 1790 1497,
1126 1728 1156 1778 et
1169 1719 1293 1777 alterum
1308 1718 1505 1794 fragmentum

288 1809 396 1887 glossae
410 1809 442 1867 in
455 1808 645 1886 Hippocratis
660 1806 863 1885 Apborismos.
885 1806 922 1863 ln
936 1806 1013 1865 foliis
1028 1804 1122 1865 thecis
1137 1804 1329 1882 adglutinatis
1343 1802 1508 1881 fragmenta

286 1893 396 1954 biblica
415 1894 526 1953 veteris
547 1893 725 1952 testamenti.

104 1973 105 1978 ¹
194 2016 280 2075 1873.
293 2012 392 2096 [Univ.
417 2011 500 2095 677.]
529 2035 569 2073 m.
590 2012 660 2071 XV.
685 2014 755 2071 307.
778 2009 824 2071 47.
848 2032 872 2071 0.
895 2012 957 2071 init.
981 2010 1035 2071 col.
1079 2011 1263 2070 Breviarium
1287 2008 1429 2069 dioecesis
1451 2008 1507 2066 Pa-

294 2101 445 2161 taviensis.
513 2097 644 2159 1·-67.
690 2098 908 2158 calendarium.
951 2096 1046 2157 Denis
1068 2098 1109 2169 Π,
1133 2095 1370 2157 DCCCLXVII.

104 2301 105 2306 ἵ
193 2221 279 2278 1874.
294 2217 394 2300 [Univ.
418 2216 501 2300 666.)
523 2240 562 2278 m.
584 2218 671 2279 XIV.
694 2219 814 2297 (1364.)
840 2221 909 2277 125.
932 2215 979 2277 47.
1018 2209 1216 2276 ‘Breviarinm
1238 2214 1398 2275 secundum
1420 2215 1507 2273 Pata-

288 2306 422 2365 niensern
442 2296 627 2364 Ecclesiam?
671 2306 766 2364 Denis
789 2304 829 2377 II,
851 2302 1107 2363 DCCCLXVIII.

192 2436 275 2494 1875.
289 2430 404 2515 sl'beol.
424 2432 507 2515 957.)
529 2456 568 2493 m.
591 2434 677 2493 XVI.
701 2435 772 2492 265.
795 2430 840 2492 47.
864 2432 1049 2503 cinitoni,
1072 2433 1141 2509 pict.
1165 2450 1202 2491 m.
1226 2438 1255 2490 et
1276 2449 1367 2507 marg.
1391 2446 1502 2487 ornam.

287 2518 377 2579 Liber
398 2540 519 2599 precum
541 2521 572 2578 in
593 2540 678 2579 usum
701 2518 882 2578 Perdinandi
904 2519 928 2576 I.
961 2518 1046 2577 Rom.
1076 2517 1167 2594 Regis
1197 2524 1226 2575 et
1247 2522 1351 2595 postea
1370 2512 1507 2573 Maximi·

287 2606 358 2663 liani
381 2604 421 2663 11.
445 2606 644 2684 Imperatoris.
687 2604 783 2664 Denis
805 2603 829 2677 1,
852 2602 1090 2663 DCCCCXVII.

104 2807 105 2810 Ἴ
195 2731 393 2814 1876.][7011.
417 2731 502 2815 669.)
532 2754 571 2793 m.
599 2733 669 2793 XV.
701 2735 772 2793 306.
800 2730 848 2795 47.
899 2733 1086 2791 Brevisrium
1109 2732 1252 2791 dioecesis
1275 2728 1508 2807 Salisbnrgensis

291 2819 459 2881 calendario
481 2818 675 2897 praecedente.
719 2820 814 2879 Denis
837 2819 877 2891 Π,
900 2816 1108 2879 DCCCLXV.

104 2909 105 2914 ¹
191 2944 375 3027 187⁷.[N0v.
401 2943 483 3027 153.)
506 2966 545 3005 ιιι.
568 2946 655 3005 XIV.
680 2948 749 3005 181.
772 2944 818 3004 47.
861 2946 1038 3005 Psalterinm
1068 2946 1255 3025 precedente
1282 2942 1449 3004 calendario
1478 2948 1509 2999 et

104 3035 105 3066 r
289 3031 413 3109 adjectis
434 3032 545 3091 litaniis
567 3040 598 3091 et
618 3032 738 3110 hymnis
760 3033 978 3092 ecclesiasticis.

104 3149 105 3158 ¹
189 3161 277 3220 1878.
290 3158 402 3241 [Theoi
420 3159 501 3245 550]
516 3183 555 3221 m.
571 3160 644 3219 XII.
663 3163 732 3220 162.
749 3158 794 3219 47.
862 3162 902 3239 1.)
928 3158 1067 3219 17-357.
1112 3160 1166 3219 Ivo
1182 3158 1380 3227 Camotensis‚
1403 3156 1508 3214 Micro·

104 3257 105 3264 ’
287 3246 371 3325 logus
393 3246 431 3306 de
454 3248 661 3306 ecclesiasticis
684 3246 949 3317 observationibus,
973 3245 1105 3325 inprimis
1128 3244 1166 3305 de
1188 3245 1283 3303 officio
1306 3244 1411 3311 misse,
1435 3262 1507 3319 prae·

291 3333 413 3394 cedente
436 3332 534 3392 indice
557 3334 597 3391 64
620 3333 822 3411 capitulorum.
889 3334 930 3411 2.)
955 3328 1131 3389 ass-36¹².
1175 3330 1310 3409 Epistola
1331 3328 1369 3389 de
1392 3326 1508 3387 Christo

288 3426 317 3477 et
338 3418 377 3477 de
398 3418 448 3477 die
470 3418 626 3477 dominice.
655 3418 766 3497 Incip.:
784 3410 876 3492 ‘Quia
896 3418 1017 3477 nescitis
1039 3436 1095 3475 nec
1117 3418 1240 3475 timetis.
1254 3460 1261 3476 .
1275 3405 1296 3475 .'
1341 3414 1446 3492 Expl:
1464 3404 1507 3471 ‘et

291 3504 389 3562 omnia
417 3523 476 3583 que
507 3505 540 3562 in
573 3505 615 3563 eis
646 3512 715 3562 suut
749 3512 778 3562 et
806 3524 860 3581 per
887 3504 1003 3562 ihesum
1033 3502 1191 3560 christum!
1265 3500 1307 3579 3.)
1331 3497 1506 3558 367-407,

290 3589 425 3647 Rubricm
453 3590 599 3649 Brevisrii
628 3589 666 3648 de
698 3590 807 3647 sanctis
837 3608 891 3667 per
917 3597 1010 3647 totum
1040 3608 1148 3645 annum
1179 3586 1323 3647 dioecesis
1356 3584 1509 3663 cujusdam

291 3672 465 3732 Germanias.
509 3675 621 3753 Incip:
638 3666 698 3733 ‘De
721 3675 829 3733 Sancto
852 3674 995 3733 Siluestro
1017 3694 1108 3752 papa.
1124 3720 1130 3732 .
1145 3664 1164 3733 .’
1209 3672 1315 3750 Expl.:
1334 3664 1384 3729 ‘de
1400 3670 1508 3728 Sancto

289 3751 421 3818 Thoma'
486 3761 530 3840 4.)
552 3760 727 3818 41·-627.
770 3759 825 3819 Ivo
849 3759 1048 3829 carnotensis,
1071 3759 1266 3839 Micrologus3
1295 3756 1354 3816 alia
1376 3756 1508 3815 recensio

277 3846 434 3924 'incipiens
455 3866 475 3903 a
494 3865 559 3924 cap.
579 3847 630 3904 37.
696 3846 738 3924 5.)
762 3846 924 3904 osu-67¹³.
967 3846 1085 3903 Litania
1107 3852 1282 3903 sanctorum.
1349 3844 1389 3921 6.)
1413 3844 1509 3899 68·-

291 3931 374 3988 1617).
415 3922 517 3989 ‘Liber
532 3931 667 3990 ordinum
682 3922 908 4009 episcopalium’
942 3932 1053 4009 Incip:
1071 3921 1194 3989 ‘Mensis
1216 3929 1303 4008 primi
1325 3929 1421 4008 quarti
1444 3946 1508 4004 sep·

289 4016 351 4074 timi
385 4024 417 4075 et
444 4016 552 4075 decimi
584 4016 785 4075 sabbatorum.
800 4064 806 4075 .
821 4008 841 4074 .’
885 4016 993 4095 Expl.:
1023 4009 1068 4075 ‘ut
1090 4034 1191 4074 omnes
1215 4022 1406 4092 cognoscant,
1440 4012 1510 4091 quia

290 4108 321 4159 tn
339 4122 371 4160 es
394 4102 530 4161 domiuus
550 4111 652 4161 noster
667 4102 848 4173 benedictus,
871 4102 922 4181 qui
944 4102 1032 4164 uiuit.
1047 4148 1054 4163 .
1069 4092 1089 4161 .’
1157 4099 1307 4179 7.)1617.
1350 4100 1399 4157 De
1421 4098 1511 4157 missa

285 4206 343 4291 pro
367 4187 522 4247 defunctis.
565 4188 674 4267 Incip.:
691 4179 797 4247 ‘Missa
818 4208 871 4266 pro
893 4187 1039 4247 defunctis
1061 4186 1092 4245 in
1114 4185 1170 4245 hoc
1192 4184 1301 4245 differt.
1317 4231 1323 4243 .
1337 4175 1358 4242 .'
1402 4182 1509 4259 Expl:

298 4281 327 4331 et
355 4274 398 4333 sic
426 4265 629 4333 mundabitur?
709 4274 751 4352 8.)
784 4272 1002 4331 1617-162·.
1051 4271 1099 4331 De
1132 4272 1224 4349 siguis
1258 4270 1317 4330 diei
1346 4268 1508 4329 novissimi.

288 4358 400 4437 Incip:
419 4350 531 4419 'Primo
554 4358 603 4418 die
624 4358 750 4437 primurn
773 4358 888 4437 signum
906 4358 1027 4437 judicii.
1041 4403 1048 4419 .
1063 4346 1084 4415 .’
1129 4356 1236 4435 Expl:
1255 4347 1299 4415 ‘et
1320 4354 1424 4415 reddet
1445 4353 1509 4410 uni-

290 4444 395 4524 cuique
417 4445 501 4502 iuxta
516 4464 606 4523 opera
621 4434 691 4503 sua.’
758 4444 799 4523 9.)
826 4446 907 4502 1627.
953 4442 1185 4503 Oneirocriticon
1200 4440 1361 4501 secundum
1377 4439 1510 4498 ordinem

289 4529 438 4608 alphabeti
460 4550 553 4610 usqne
577 4531 609 4588 in
623 4530 750 4589 litteram
765 4528 797 4588 J.
839 4528 951 4607 incip:
971 4518 1079 4587 ‘Auem
1096 4528 1125 4585 iu
1142 4528 1250 4586 somnis
1267 4526 1317 4607 qui
1332 4526 1451 4585 uiderit.
1467 4570 1473 4583 .
1488 4514 1506 4583 .’

287 4614 391 4693 Explz
407 4607 572 4674 ‘Infirmum
588 4635 654 4674 esse
670 4614 896 4673 consolationis!
964 4614 1025 4692 10.)
1044 4614 1127 4672 1627.
1165 4614 1325 4672 Decretum
1341 4609 1509 4692 pontificale

290 4702 357 4759 anni
382 4702 480 4772 1024,
508 4702 625 4779 jejunia
652 4699 785 4759 indicens
819 4708 888 4759 ante
920 4699 1111 4759 festiuitatem
1140 4698 1170 4758 S.
1200 4698 1355 4759 Johaunis.
1397 4697 1507 4775 Incip:

275 4775 384 4845 ·‘Anuo
406 4786 552 4846 dominice
574 4784 782 4845 incarnationis
797 4786 969 4845 millessimo
991 4784 1156 4849 XXIIII..
1171 4773 1191 4843 .’
1236 4784 1341 4865 arpi:
1359 4774 1507 4842 ‘similiter
