3709 5734
996 568 1063 637 450

363 766 490 822 ΧΠ.27.
513 764 590 821 Ordo
612 771 642 821 et
661 765 802 821 institutio
824 783 921 821 sacrae
945 766 1046 823 missae
1080 806 1470 823 .......
1551 766 1650 833 2162,
1670 766 1693 819 t.

365 882 402 893 -
448 880 490 890 —
511 852 684 924 Fragmenta
705 852 825 907 missalis
846 868 920 906 saec.
944 853 1009 907 XII.
1606 852 1693 905 2846.

363 965 407 975 -
448 965 491 976 -
513 937 582 991 Tria
603 936 673 992 folia
694 937 814 991 missalis
836 955 909 993 saec.
932 938 998 992 XII.
1026 956 1089 993 cum
1112 940 1220 993 neumis
1270 978 1278 993 .
1332 980 1340 995 .
1397 979 1405 994 .
1461 975 1469 990 .
1608 938 1694 990 3057.

365 1051 405 1061 —
448 1049 491 1061 -
512 1023 683 1095 Fragmenta
704 1023 824 1077 missalis
850 1040 923 1077 saec.
947 1024 1019 1079 XIII
1021 1061 1470 1079 ........
1608 1023 1695 1077 soit.

363 1138 407 1148 —
447 1136 491 1148 -
513 1110 713 1179 Fragmentum
735 1108 854 1161 missalia
877 1126 952 1164 saec.
976 1109 1054 1163 XIV.
1079 1126 1142 1163 cum
1165 1110 1239 1163 notis
1261 1110 1402 1164 musicis.
1460 1150 1467 1163 .
1607 1108 1695 1163 3063.

363 1222 407 1232 -
453 1221 489 1233 -
514 1194 628 1250 Missale
657 1202 686 1248 et
717 1194 912 1249 lectionarium
945 1195 975 1248 in
1008 1195 1133 1266 linguam
1166 1196 1355 1266 germanicam
1387 1202 1476 1249 trans·

536 1279 638 1333 latum.
696 1318 702 1332 .
753 1282 761 1299 ¹
760 1316 1469 1337 ............
1608 1280 1696 1333 am

362 1393 406 1404 —
447 1391 491 1403 -
512 1364 626 1419 Missale
648 1372 677 1419 et
696 1364 891 1419 lectionarium
914 1366 943 1419 in
972 1365 1096 1465 linguam
1123 1366 1313 1437 germanicam
1340 1366 1477 1421 translata

537 1450 655 1520 adjectis
682 1451 903 1520 expositionibus
924 1452 1093 1522 germanicis
1143 1490 1468 1509 ......
1606 1452 1697 1505 3063.

362 1562 406 1573 -
451 1566 487 1576 -
512 1536 634 1589 Missalis
657 1543 685 1589 et
707 1536 863 1590 lectionarii
885 1554 951 1606 pars
975 1536 1110 1602 hiemalis,
1111 1554 1212 1631 germ
1215 1574 1470 1592 .....
1607 1538 1697 1591 aste.

362 1646 404 1657 -·
445 1648 489 1659 -
506 1606 706 1691 Evangeliare
728 1623 763 1674 de
786 1623 927 1675 communi
950 1607 1119 1677 sanctornm'
1141 1659 1468 1678 ......
1547 1622 1646 1683 3200,
1672 1623 1696 1675 ἵ.

366 1738 402 1747 -
454 1734 490 1743 -
511 1707 682 1761 Lectionarii
705 1706 894 1777 fragmentum
949 1744 1464 1764 .........
1604 1708 1695 1762 2201.

361 1818 404 1829 -
445 1818 488 1829 -
510 1793 709 1863 Fragmentum
733 1792 891 1846 lectionarii
913 1810 986 1847 saec.
1009 1792 1074 1848 XV.
1138 1830 1146 1847 .
1202 1829 1210 1846 .
1267 1834 1273 1846 .
1329 1832 1337 1849 .
1392 1830 1399 1847 .
1457 1832 1465 1843 .
1604 1794 1696 1847 2143.

362 1904 403 1915 -
445 1904 488 1914 -
510 1878 720 1932 Lectionarium
742 1879 933 1948 germanicum
956 1896 1019 1933 cum
1042 1877 1168 1949 epistolis
1205 1914 1467 1935 .....
1604 1878 1695 1931 2691.

360 1988 404 1998 -
445 1990 489 2001 -
509 1962 736 2034 Evangeliarinm
758 1964 949 2034 germanicum
1014 2000 1468 2019 ........
1604 1964 1695 2017 aial.

361 2075 404 2084 —
446 2049 679 2119 -Evangelia,
702 2065 775 2119 quae
798 2049 945 2103 dominicis
968 2054 996 2104 et
1017 2049 1098 2104 festis
1120 2049 1219 2103 diebus
1246 2050 1333 2103 totius
1356 2050 1422 2103 anni
1443 2050 1473 2102 in

535 2133 654 2188 ecclesia
675 2133 732 2204 legi
755 2134 860 2200 soient,
883 2153 961 2205 germ
964 2170 1468 2189 .........
1547 2134 1644 2197 2825,
1666 2134 1694 2188 2.

361 2246 404 2257 -
446 2246 489 2257 -
511 2220 655 2289 Epistulae
677 2222 830 2275 canonicae
851 2238 902 2289 per
925 2220 1059 2273 circulum
1083 2219 1158 2281 anni,
1182 2236 1269 2288 germ.
1334 2258 1341 2273 .
1397 2258 1404 2273 .
1460 2258 1469 2273 .
1546 2220 1645 2287 2825,
1670 2222 1695 2273 1.

360 2329 404 2341 -
445 2330 484 2343 -·
509 2305 718 2360 Lectionarium
741 2307 957 2377 germanicum.
1016 2344 1022 2357 .
1079 2346 1085 2359 .
1138 2305 1229 2357 2689.
1254 2305 1346 2358 2831.
1371 2305 1462 2372 2912,
1489 2306 1519 2357 1.
1546 2306 1695 2373 2991,1.

363 2416 404 2427 -
449 2422 486 2434 -
510 2390 719 2446 Lectionarium
743 2392 903 2461 germanice
924 2408 1044 2457 versum,
1068 2391 1180 2459 adJecta
1202 2391 1375 2459 expositione
1390 2408 1474 2445 evan-

534 2478 670 2548 geliorum
694 2484 723 2531 et
744 2477 925 2547 epistolarum
948 2477 1044 2531 itidem
1067 2477 1228 2547 germanica
1271 2514 1277 2527 .
1333 2516 1340 2532 .
1396 2512 1404 2528 .
1459 2510 1469 2528 .
1604 2476 1695 2529 305³.

362 2586 405 2599 -
447 2590 489 2602 —
511 2562 665 2631 Pericopae
687 2570 716 2617 et
736 2565 862 2631 praealto
884 2562 1039 2616 sacerdotis
1062 2562 1171 2632 plebem
1195 2562 1386 2616 benedicentis
1456 2600 1464 2614 .
1543 2562 1641 2622 2008.
1665 2564 1693 2615 1.

362 2670 403 2683 -
447 2672 488 2685 -
510 2647 682 2717 Fragmenta
704 2648 830 2718 psalterii
852 2665 915 2701 cum
938 2648 1046 2701 neumis
1068 2666 1142 2701 saec.
1165 2646 1236 2701 XIII
1239 2682 1467 2699 .....
1603 2648 1694 2701 3122.

364 2762 400 2773 -
446 2760 489 2771 -
510 2733 692 2802 Psalterium,
715 2732 834 2787 Cantica
856 2733 973 2800 biblica,
999 2733 1161 2803 Symbolum
1184 2732 1348 2798 Athanasii,
1377 2731 1474 2786 Oratio

534 2818 684 2883 dominica,
708 2818 872 2889 Symbolum
894 2818 1094 2889 apostolorum,
1117 2818 1222 2889 Hymni
1243 2817 1423 2873 ecclesiastici
1446 2822 1476 2871 et

533 2904 688 2974 Pericopae
703 2920 719 2958 e
735 2904 893 2973 Prophetis,
914 2904 1086 2959 Ecclesiaste
1102 2912 1130 2959 et
1145 2905 1216 2958 libro
1232 2903 1393 2973 Sapientiae
1409 2920 1473 2957 cum

533 2992 661 3044 versione
683 2989 858 3043 interlineari
880 2989 1042 3060 germanica
1077 3025 1466 3043 .......
1604 2988 1696 3043 2682.

360 3096 402 3108 ·-
449 3099 487 3112 ·-
509 3074 622 3139 Psalmi,
639 3073 758 3128 Cantica
773 3074 886 3138 biblica,
901 3074 1031 3145 Hymnus
1047 3072 1259 3141 Ambrosianus,
1279 3072 1369 3127 Credo
1386 3074 1474 3127 Atha·

533 3160 697 3227 nasianum,
727 3159 842 3213 Litania
869 3162 992 3214 omnium
1021 3167 1180 3213 sanctorum
1210 3166 1238 3214 et
1259 3159 1385 3230 reliquae
1408 3176 1472 3213 can·

535 3246 625 3299 tiones
647 3246 683 3299 ad
706 3262 860 3314 vesperam,
883 3245 1044 3315 germanice
1066 3252 1095 3297 et
1117 3246 1204 3299 latine
1269 3282 1276 3296 .
1332 3282 1339 3296 .
1397 3284 1403 3295 .
1460 3282 1467 3296 .
1606 3245 1696 3299 2664.

359 3357 402 3368 -
444 3356 489 3368 -
510 3330 678 3385 Psalterium
707 3330 839 3395 latinum,
873 3331 953 3395 XVI,
972 3329 1130 3399 8-CIII,
1148 3332 1175 3399 6,
1206 3348 1268 3385 cum
1288 3330 1472 3385 translations

533 3415 706 3470 interlineari
729 3417 758 3468 in
780 3416 905 3487 linguam
927 3416 1092 3471 islandicam
1140 3454 1466 3471 ......
1604 3416 1696 3469 2213.

358 3527 401 3538 -
442 3528 486 3539 -
507 3502 672 3555 Psalterium
697 3518 759 3555 cum
782 3502 899 3555 canticis
921 3502 1048 3565 biblicis,
1071 3502 1232 3572 germanice
1256 3518 1364 3555 versum
1414 3540 1420 3555 .
1474 3500 1574 3554 2756.
1601 3502 1695 3555 2991.

358 3612 401 3624 -·
442 3614 485 3624 -
507 3587 672 3642 Psalterium
696 3605 759 3641 curn
781 3588 898 3641 canticis
925 3586 1051 3653 biblicis,
1086 3593 1178 3641 textus
1206 3587 1309 3640 latinns
1332 3592 1361 3641 et
1381 3585 1472 3641 versio

533 3672 693 3743 germanica

357 3784 400 3794 -
442 3785 485 3795 —
505 3757 673 3811 Psalterium
695 3758 887 3825 germanicum
909 3774 973 3811 cnm
996 3757 1113 3811 canticis
1136 3756 1257 3825 biblicis,
1280 3756 1383 3826 hymno
1406 3754 1473 3809 Am·

534 3842 675 3909 brociano,
698 3842 825 3913 symbolo
849 3842 998 3896 Athanasii
1021 3850 1050 3897 et
1073 3842 1171 3896 litanIa
1193 3850 1353 3897 sanctorum
1393 3878 1400 3892 .
1457 3880 1466 3895 .

358 3954 400 3964 -
442 3956 484 3967 -·
506 3927 674 3983 Psalterium
696 3944 747 3997 pro
769 3927 846 3982 horis
873 3927 1032 3991 canonicis,
1067 3929 1177 3981 cantica
1199 3928 1317 3994 biblica,
1345 3925 1473 3998 symbola

531 4012 755 4067 Athanasiannm
770 4019 800 4067 et
814 4012 1031 4068 Ambrosianum
1053 4014 1213 4085 germanice
1233 4029 1316 4066 versa
1337 4030 1400 4067 cum
1422 4030 1472 4067 no-

531 4098 567 4153 tis
588 4098 702 4152 musicis

356 4208 399 4217 ·-
440 4210 483 4221 —
505 4184 673 4238 Psalterium
696 4183 857 4239 monasterii
880 4182 940 4237 ord.
965 4182 1172 4237 carthusiensis
1194 4184 1222 4235 in
1248 4182 1364 4253 Arpach
1394 4224 1400 4239 .
1458 4221 1465 4235 .

354 4294 398 4305 -·
441 4296 481 4307 -
504 4268 624 4325 Cantica
639 4268 750 4339 biblica,
775 4270 859 4324 Pater
873 4276 977 4335 noster,
1000 4269 1127 4339 symbola
1142 4269 1326 4338 apostolicum
1342 4269 1469 4323 etAtha·

531 4355 676 4409 casianum
699 4356 728 4409 in
751 4355 876 4425 linguam
898 4354 1088 4425 germanicam
1112 4354 1271 4408 translata.
1328 4394 1335 4409 .
1391 4391 1399 4405 .
1456 4394 1463 4407 .
1540 4353 1638 4422 2681,
1662 4354 1689 4407 S.

357 4468 395 4480 —-
439 4468 480 4479 -
504 4440 617 4511 Septem
639 4440 740 4511 psalmi
761 4440 978 4510 poenitentiales
1009 4476 1335 4495 ......
1366 4438 1458 4503 2015,
1485 4440 1514 4493 6.
1543 4440 1639 4507 2023,
1663 4440 1689 4491 2.
1764 4478 1765 4483 ¹

357 4556 394 4566 -
440 4552 480 4563 —
503 4526 607 4581 Psalmi
629 4526 846 4596 poenitentiales
869 4543 932 4579 cnm
956 4526 1156 4579 commentario
1180 4526 1268 4579 latino
1326 4563 1332 4575 .
1389 4564 1396 4579 .
1452 4564 1460 4579 .
1539 4526 1636 4587 2939,
1660 4526 1686 4577 2.
1763 4588 1764 4591 ¹

356 4636 395 4646 -—
439 4612 617 4681 —Septem
645 4612 746 4682 psalmi
778 4610 995 4681 poenitentiales
1028 4630 1089 4665 curn
1125 4612 1298 4682 expositione
1331 4608 1472 4665 lobannis

528 4697 638 4753 Germe
659 4703 689 4751 et
711 4697 739 4750 S.
763 4697 914 4765 Augustini
942 4732 1464 4752 .........
1515 4694 1613 4758 3230,
1640 4698 1688 4749 10.

357 4810 394 4821 -·
439 4808 479 4818 -
504 4782 609 4837 Cursus
631 4783 667 4837 de
689 4780 836 4836 Salvatore
858 4782 962 4837 Nostro
1007 4816 1464 4836 ........
1541 4782 1637 4841 2014,
1660 4782 1687 4833 3.
