3709 5734
228 572 311 631 2537
325 573 448 631 ..2543
834 568 879 637 95

293 760 432 839 capitum,
455 758 620 820 rubricam:
642 749 702 837 ‘Gy
716 769 920 819 commenceut
942 760 964 818 li
985 778 1103 819 romans
1126 768 1155 819 st
1177 759 1221 819 les
1243 759 1311 819 faits
1327 759 1367 820 du
1381 767 1516 841 tresprcu

293 854 323 905 st
344 845 404 904 bon
427 845 578 905 chevalier
595 846 740 921 T(riatsu)
763 846 900 905 traslatea
922 844 960 905 de
982 845 1057 904 latin
1079 866 1116 905 en
1138 846 1266 922 franceis
1289 864 1343 924 par
1364 866 1405 905 vn
1427 847 1517 909 noble

292 930 455 990 clreualier
465 930 653 1035 dengleterre
675 931 794 1009 appelle
815 930 897 991 luces
918 932 1058 1008 seigneur
1080 930 1120 989 du
1142 930 1255 991 chastel
1277 931 1318 991 du
1339 940 1426 1009 grant
1447 954 1515 1011 pres

292 1016 330 1075 de
344 1009 521 1080 salebisrosf
545 1026 576 1076 et
597 1016 752 1095 prologum
773 1018 877 1096 incipit
899 1025 1017 1076 textus:
1035 1010 1204 1077 Comment
1218 1016 1392 1077 nabusadan
1408 1018 1536 1095 efforcs

291 1100 547 1161 malicieusement
567 1102 706 1161 cheliude
727 1102 758 1161 la
778 1103 886 1161 femme
908 1102 1000 1161 sadoc
1022 1122 1075 1161 son
1099 1102 1177 1162 frere
1199 1110 1254 1162 etc.
1291 1103 1339 1161 Eu
1362 1104 1433 1163 telle
1454 1125 1514 1164 ma·

291 1189 373 1247 niere
396 1207 510 1246 comme
531 1188 560 1247 ie
582 1208 656 1247 vous
679 1196 807 1249 conte..
822 1179 897 1250 ,'et
925 1178 1100 1267 explicit:
1102 1189 1233 1266 mercyie
1254 1196 1355 1248 nostre
1377 1190 1516 1267 seigneur

291 1273 321 1332 le
342 1282 477 1332 createur
498 1272 539 1332 du
561 1272 619 1331 ciel
640 1281 671 1332 st
692 1273 731 1333 de
751 1273 783 1332 la
803 1281 881 1333 terre
908 1274 946 1333 de
975 1274 1036 1353 quil
1065 1293 1114 1333 ma
1142 1273 1240 1333 donne
1267 1275 1351 1353 pooir
1380 1282 1409 1333 et
1436 1276 1515 1335 force

291 1358 329 1419 de
343 1358 417 1417 finer
431 1358 460 1418 le
474 1358 551 1417 liure
565 1358 605 1419 du
621 1358 694 1432 bret
731 1359 865 1439 Explicit
887 1358 916 1419 le
938 1368 1085 1419 rummant
1106 1356 1144 1419 de
1166 1361 1271 1418 tristnn
1294 1369 1324 1419 et
1344 1358 1381 1419 de
1395 1351 1513 1438 ysare?

183 1476 382 1559 2538.[1tug.
403 1476 423 1538 1.
449 1474 530 1558 163.]
553 1498 592 1536 m.
615 1478 686 1539 XV.
711 1478 824 1540 173.1.
853 1497 877 1537 c.
900 1478 964 1536 init.
987 1478 1036 1555 fig.
1060 1486 1090 1537 et
1112 1498 1223 1537 ornam.
1247 1498 1338 1557 marg.
1362 1480 1416 1540 col.
1459 1480 1514 1541 Jo-

293 1563 403 1641 sephus
425 1563 565 1639 Flavius,
594 1553 740 1622 ‘Histoire
762 1564 801 1623 de
821 1564 852 1622 la
871 1584 980 1664 gqerre
1003 1564 1056 1623 des
1080 1564 1154 1643 juifs
1176 1565 1304 1623 treduite
1326 1584 1364 1623 eu
1385 1565 1513 1666 franqqis

293 1665 348 1727 psr
367 1666 409 1707 un
420 1641 594 1752 anonyme?
639 1649 786 1708 Textus
777 1650 883 1728 mcip.·
899 1640 944 1707 A
966 1650 996 1708 la
1018 1649 1145 1729 loueuge
1168 1650 1205 1710 ds
1227 1650 1306 1709 Dieu
1329 1658 1393 1709 tout
1413 1652 1511 1730 pouis-

292 1741 416 1795 sant...
420 1724 484 1793 ’et
505 1724 645 1814 explu‘.
659 1735 826 1815 ..laquelle
849 1734 1049 1835 (translation)
1072 1734 1098 1795 11
1118 1756 1289 1796 commenca
1304 1756 1322 1795 a
1335 1736 1437 1796 Reirus
1452 1738 1514 1798 lieu

290 1820 330 1878 de
347 1839 382 1878 sa
400 1820 554 1879 residence
576 1820 605 1879 le
624 1821 681 1878 xii
703 1840 775 1879 cour
796 1820 836 1879 du
857 1821 932 1879 mois
956 1820 1096 1880 doctobre
1119 1822 1169 1881 lan
1191 1822 1229 1881 de
1250 1842 1339 1900 grace
1360 1822 1427 1883 mil.
1436 1842 1513 1886 cccc.

292 1914 323 1965 et
343 1906 479 1964 soixante
501 1905 592 1964 lsu
573 1906 618 1963 ui·
640 1904 681 1964 du
702 1907 856 1985 pontificat
883 1906 921 1965 ds
948 1914 1049 1966 nostre
1079 1907 1158 1965 saint
1183 1928 1254 1985 pere
1281 1908 1310 1967 le
1337 1927 1415 1987 pape
1442 1908 1513 1969 Pius

291 1990 400 2050 second
424 1991 474 2049 lan
495 1990 627 2092 ιιιιιίιο
649 1990 688 2050 du
711 2012 803 2070 regne
825 1992 863 2051 de
885 2000 986 2051 nostre
1008 1993 1166 2051 souueraiu
1189 1994 1327 2071 seigneur
1349 1992 1378 2052 le
1392 1993 1460 2073 Roy
1475 1994 1513 2055 de

290 2076 391 2135 france
413 2074 537 2135 Charles
559 2078 615 2154 vij⁰
636 2075 674 2136 de
697 2097 731 2137 ce
752 2097 830 2138 nom.
860 2084 890 2137 et
911 2078 961 2135 lan
984 2080 1028 2155 xj·
1051 2076 1089 2139 de
1111 2077 1368 2157 l'archiepiscopat
1389 2078 1427 2138 de
1453 2088 1512 2139 tres

291 2161 437 2221 reuerend
460 2181 531 2241 pere
553 2181 589 2220 en
618 2160 688 2221 dieu
716 2164 925 2239 monseigueur
946 2162 1047 2222 Jehan
1068 2162 1202 2223 Juuenal
1225 2162 1277 2223 des
1300 2162 1406 2223 Vrsins
1432 2184 1512 2225 arce·

290 2266 403 2327 uosque
426 2246 483 2306 duc
504 2246 543 2306 de
563 2248 666 2305 Reims
689 2257 719 2306 et
739 2250 868 2326 premier
888 2248 995 2348 perde
1010 2239 1127 2311 frenco.³
1165 2250 1280 2309 Textus
1297 2249 1390 2351 expl:
1410 2241 1513 2311 ‘Ceste

290 2420 356 2477 iour
377 2418 414 2477 de
441 2439 539 2479 mars.
553 2418 602 2477 lan
625 2419 677 2477 mil
699 2438 776 2480 cccc.
800 2420 937 2479 soixante
965 2420 1037 2479 trois
1066 2428 1150 2479 entre
1180 2422 1226 2479 six
1254 2428 1284 2479 et
1284 2430 1384 2522 sept
1404 2421 1512 2481 henres

291 2524 329 2563 au
350 2495 462 2565 matin.'
505 2503 677 2584 Sequuntur
699 2507 739 2563 20
761 2525 866 2564 versus
888 2526 942 2564 seu
964 2507 1095 2611 quinque
1117 2496 1305 2606 quatrains',
1335 2508 1385 2586 qui
1407 2508 1511 2587 incip:

282 2580 395 2649 Graec
417 2590 524 2667 loenge
545 2590 680 2649 honneur
702 2600 733 2649 et
748 2590 970 2668 jubilsciou...
1009 2600 1038 2651 et
1054 2592 1149 2671 expl.:
1164 2582 1260 2650 Taut
1282 2608 1408 2672 quspres
1432 2600 1513 2652 ceste

291 2677 340 2735 vie
367 2676 397 2735 le
424 2675 548 2734 trasfere
571 2694 609 2735 en
631 2695 664 2734 sa
685 2677 787 2753 gleire.
823 2669 937 2737 Amen?
983 2678 1039 2737 Est
1066 2677 1211 2735 traductio
1240 2678 1384 2737 versionis
1411 2678 1512 2738 Rufini

289 2780 355 2821 cnm
378 2760 578 2821 additionibus
601 2780 640 2819 ex
662 2762 828 2841 Hegesippi
852 2772 993 2841 excerpto
1015 2770 1046 2823 et
1068 2763 1293 2843 antiquitatibus
1315 2762 1509 2843 Josephi.
1508 2798 1509 2805 .

178 2883 267 2942 2539
285 2890 314 2939 et
330 2878 585 2962 2540[Ηο1ιιιι(1.
608 2879 627 2939 1.
642 2877 1146 2979 41.]m.xv.(1466).v01.1.
1163 2883 1234 2940 276.
1263 2879 1510 2944 v01.11.243.s.

291 2986 315 3027 c.
339 2967 402 3024 init.
426 2975 456 3024 et
476 2964 525 3044 fig.
549 2964 604 3025 col.
642 2955 788 3024 Romans
816 2966 853 3025 de
880 2965 910 3024 ls
938 2966 1034 3025 Table
1062 2966 1155 3025 ronde
1178 2972 1208 3026 et
1230 2966 1270 3026 du
1292 2968 1381 3048 quetc
1403 2968 1443 3027 du
1466 2968 1510 3031 St.

290 3042 398 3110 Graal?
432 3053 565 3111 oratione
586 3050 692 3111 soluta
736 3051 809 3109 Post
835 3051 998 3109 rubricam·
1029 3042 1089 3130 ‘Gy
1111 3070 1281 3111 commanos
1311 3052 1339 3112 le
1366 3053 1441 3113 liure
1470 3053 1510 3113 du

290 3136 349 3196 bon
363 3136 512 3239 Τ(ιὶιιιιι)
528 3136 565 3197 ds
582 3136 721 3214 Leouoys
744 3136 833 3195 etde
855 3136 885 3195 la
906 3136 1013 3214 Royne
1034 3146 1123 3215 yseut
1146 3137 1183 3197 de
1206 3129 1383 3199 cornoaille.'
1407 3140 1511 3219 incipit

290 3231 404 3282 textus:
430 3213 539 3301 ‘Apres
561 3244 595 3283 ce
617 3242 675 3302 que
696 3222 760 3327 Jay
781 3222 831 3281 len
854 3231 883 3281 et
904 3222 1000 3281 Releu
1024 3230 1054 3281 et
1076 3242 1209 3301 pourueu
1230 3242 1285 3301 per
1306 3226 1432 3283 maintes
1454 3226 1510 3284 sois

289 3308 319 3367 le
340 3316 428 3385 grant
449 3308 526 3367 liure
548 3308 585 3367 de
607 3308 743 3368 latin...
748 3300 832 3388 'qui
855 3318 885 3367 et
906 3307 1045 3367 historias
1069 3306 1204 3385 Galaadi‚
1226 3309 1379 3369 Leuceloti
1403 3319 1433 3368 et
1455 3310 1510 3369 Pa·

289 3394 414 3453 lamedis
437 3395 575 3454 continet.
612 3394 721 3472 Expl:
740 3385 815 3473 ‘quil
837 3414 886 3452 ma
907 3394 1019 3453 donnet
1040 3402 1105 3453 taut
1126 3394 1164 3453 de
1185 3395 1311 3473 pouvoir
1326 3402 1356 3453 et
1370 3394 1450 3453 force
1471 3395 1510 3455 de

288 3480 356 3538 finir
369 3479 398 3538 le
412 3478 489 3538 liure
504 3479 547 3538 dit
561 3478 635 3539 bret.
673 3479 805 3557 Explicit
826 3478 847 3537 li
869 3480 1021 3539 Ronmaus
1045 3480 1082 3539 de
1103 3480 1140 3540 Τ.
1164 3488 1194 3539 (ιι
1216 3480 1254 3541 ds
1274 3480 1375 3559 yssult
1396 3482 1447 3560 qui
1466 3480 1511 3540 sut

290 3566 344 3624 fait
364 3566 414 3623 lan
437 3564 489 3623 mil
512 3564 643 3643 cccclxvj
667 3565 757 3625 voille
779 3565 816 3624 de
838 3555 923 3626 noel'

175 3682 784 3766 2541113151]ω.Χν.(ι.473)
807 3687 877 3744 291.
901 3685 921 3746 1.
944 3704 968 3745 c.
991 3684 1055 3746 init.
1078 3683 1127 3762 fig.
1152 3692 1315 3747 eternam.
1338 3705 1430 3764 marg.
1454 3687 1509 3747 col.

290 3770 460 3831 Guillaume
479 3770 619 3830 Fillastre
641 3790 695 3830 seu
716 3771 837 3843 Filius,
860 3770 905 3830 Le
926 3773 1056 3850 premier
1078 3770 1197 3831 volume
1212 3770 1250 3831 de
1265 3770 1295 3830 la
1309 3772 1421 3831 Toisou
1437 3772 1508 3835 d’or.

173 3895 275 3953 2542.
289 3889 377 3972 [Eug.
399 3891 420 3952 1
444 3887 527 3970 130.]
550 3910 589 3950 ιιι.
610 3889 682 3953 XV.
704 3887 827 3973 (1477),
856 3891 927 3951 500.
956 3890 975 3948 1.
1006 3910 1030 3949 c.
1058 3890 1123 3952 init.
1152 3899 1183 3949 et
1209 3890 1257 3968 fig.
1288 3891 1342 3950 col.
1371 3911 1509 3951 necnon

289 3978 366 4036 notis
388 3976 518 4036 musicis.
561 3976 693 4034 Rumam
715 3976 753 4035 de
775 3976 806 4034 la
819 3975 916 4035 Table
938 3974 1031 4034 rende
1046 3984 1076 4033 et
1091 3975 1129 4034 de
1144 3975 1174 4033 la
1187 3977 1276 4055 quete
1291 3976 1331 4035 du
1346 3976 1389 4035 St.
1407 3975 1508 4049 Grsal,

288 4063 422 4127 oratioue
443 4061 548 4121 soluta
586 4061 696 4140 Incipe
725 4052 799 4121 Chi
821 4080 992 4119 commeucs
1013 4061 1035 4118 li
1058 4061 1180 4120 estoires
1203 4060 1241 4121 ds
1262 4063 1367 4121 tristan
1390 4082 1448 4142 que
1470 4082 1510 4123 ou

289 4148 375 4227 apele
397 4147 426 4207 le
447 4146 512 4207 bret
528 4154 584 4209 etc.
622 4146 719 4225 Apros
740 4146 770 4206 le
792 4146 912 4225 passion
934 4144 1032 4205 Jlresu
1055 4146 1181 4207 crist...
1187 4136 1338 4225 ’.:Expl
1353 4136 1424 4225 Icy
1446 4148 1509 4207 faut

288 4233 409 4292 lestoire
424 4232 462 4293 de
483 4232 692 4310 monseigneur
714 4230 821 4291 tristau
843 4240 873 4291 et
895 4230 944 4291 del
967 4232 1047 4291 saint
1067 4230 1162 4311 guarel,
1185 4251 1211 4291 ιιι
1202 4230 1368 4311 parfaiete
1384 4252 1442 4313 que
1457 4232 1509 4293 nul

289 4339 333 4397 ny
355 4320 467 4377 sauroit
489 4338 548 4398 que
568 4338 591 4396 y
612 4326 727 4377 mettre.
764 4309 878 4379 Amen?

170 4435 376 4519 2543.[1eug.
397 4438 419 4497 1.
443 4435 506 4519 62]
527 4457 565 4497 m.
587 4436 659 4501 XV.
682 4439 752 4496 404.
775 4436 795 4498 1.
820 4456 845 4497 c.
868 4436 941 4508 init,
965 4435 1013 4513 fig.
1029 4442 1060 4495 et
1080 4454 1190 4494 ornam.
1213 4456 1304 4514 marg.
1329 4436 1383 4497 col.
1427 4436 1507 4499 Jeau

289 4524 328 4583 tle
355 4522 489 4601 Oourcy,
519 4522 669 4604 Oronique
696 4524 758 4583 dite
785 4523 824 4582 de
850 4522 882 4581 la
901 4520 1181 4601 Bouqueehardiere
1203 4542 1241 4581 ou
1263 4522 1507 4596 Bocachsrdiere,

289 4629 308 4667 ι
328 4609 439 4669 mundo
462 4608 580 4668 condito
580 4629 697 4713 usque
719 4609 758 4668 ad
779 4608 973 4680 Maccabeos,
997 4608 1130 4667 oratione
1148 4607 1254 4669 soluta.
1290 4608 1398 4687 Iucip..
1418 4601 1509 4670 ‘Pour

289 4714 359 4754 mon
380 4695 575 4774 principe...
580 4686 763 4775 '.:llxpl
765 4697 817 4775 qui
837 4696 882 4754 vit
904 4703 934 4754 st
956 4712 1048 4772 regne
1069 4692 1328 4773 pardurablement
1349 4695 1385 4755 Iu
1408 4696 1509 4756 seculs

288 4781 454 4841 seculorum
477 4770 592 4841 Amen?
