3709 5734
817 584 884 655 337

133 870 137 877 .
187 784 453 855 Baunholtrer,
474 782 651 853 Valentinus,
674 780 794 839 Carmen
815 781 934 841 latinum
954 781 993 837 ad
1013 780 1148 839 honorem
1166 780 1199 839 3.
1222 780 1325 837 Annae

366 887 428 924 cum
448 868 631 941 rylographis
653 868 819 939 impressum
861 902 1318 924 ........
1348 863 1440 932 3301,
1464 862 1516 919 11.

187 955 361 1027 Baptista
383 956 562 1024 Mantuanus,
585 955 731 1010 Secundae
752 954 932 1027 parthenices
953 952 1019 1007 libri
1039 958 1128 1009 tres.
1183 992 1191 1009 .
1247 990 1255 1006 .
1308 991 1319 1007 .
1369 950 1517 1019 3230,1.

234 1070 276 1083 -
320 1040 461 1113 Georgius
483 1058 546 1097 cum
567 1040 668 1113 glossis
736 1073 1318 1095 ..........
1367 1031 1503 1105 3230,2
1484 1034 1519 1089 2.

232 1154 275 1167 -·-
317 1143 388 1181 uxor
410 1125 533 1181 Galeatii
555 1126 591 1181 de
613 1124 783 1194 Maletestis‚
817 1123 914 1181 Oratio
944 1124 981 1179 ad
1008 1122 1207 1195 imperatorem
1235 1141 1321 1196 quum

366 1211 450 1267 fuit
441 1230 471 1265 ιιι
494 1210 602 1267 Urbiuo
667 1246 1316 1266 ...........
1345 1206 1438 1274 3420,
1463 1203 1515 1260 14.

233 1297 334 1353 -de
357 1296 386 1352 8.
409 1297 504 1366 Petro,
527 1296 671 1368 Epistulae
693 1303 738 1353 etc
740 1330 1314 1353 ..........
1419 1290 1513 1346 3330.

183 1381 443 1452 Barbanariis,
465 1382 635 1449 Franciscus
656 1383 702 1451 de,
723 1382 895 1439 Protestatio
916 1381 997 1437 ducis
1016 1380 1199 1437 Mediolani
1190 1399 1220 1435 ιιι
1241 1377 1321 1435 Basi·

365 1423 447 1523 liensi
468 1467 587 1523 concilio
608 1502 1319 1525 ............
1368 1462 1464 1529 3281,
1485 1459 1517 1515 5.

181 1552 395 1621 Barbarus,
417 1553 594 1622 Franciscus,
616 1526 760 1624 Epistulae
782 1559 827 1609 etc
828 1586 1321 1610 .........
1421 1546 1517 1602 3330.

234 1666 272 1680 -
318 1638 448 1711 Epistola
469 1638 545 1709 quod
566 1638 757 1693 adhibendum
772 1644 815 1695 est
829 1637 953 1694 studium
967 1636 1077 1711 graecis
1091 1636 1181 1693 literis
1193 1642 1224 1693 et
1237 1635 1322 1691 inter·

367 1724 519 1793 pretatioui
547 1758 1320 1782 .............
1349 1718 1442 1779 3160.
1466 1714 1520 1771 24.

229 1833 275 1847 -
318 1808 447 1879 Epistola
468 1810 505 1863 ad
528 1808 666 1865 Blandum
736 1842 1318 1867 ..........
1369 1804 1462 1870 3433,
1485 1801 1519 1855 5.

235 1924 273 1938 -
318 1892 364 1949 De
385 1912 416 1948 re
438 1894 536 1950 uxoria
1134 1892 1229 1949 2446.
1253 1887 1346 1960 2471,
1370 1887 1398 1943 1.
1422 1888 1518 1943 2473.

234 2006 276 2017 -
319 1978 498 2048 Hermolaus,
521 1978 618 2036 Oratio
640 1980 677 2035 ad
698 1980 871 2035 Fridericum
893 1980 938 2035 ΙΙΙ
964 1979 1163 2051 imperatorem
1185 1984 1214 2035 et
1234 1976 1323 2034 Μικί-

363 2064 509 2119 milianum
531 2082 626 2137 regem
648 2065 838 2123 Romanorum
865 2100 1321 2122 ........
1370 2058 1463 2125 3275,
1487 2058 1520 2112 3·

234 2176 275 2189 -
317 2148 447 2222 Epistola
467 2151 504 2205 ad
527 2149 743 2207 Caroudeletum
764 2151 839 2223 regis
860 2152 1052 2208 Romanorum
1073 2149 1263 2207 Secretarium
1310 2186 1319 2203 .
1370 2144 1463 2208 3275.
1485 2142 1517 2197 4·

180 2234 342 2305 Barbas,
364 2235 513 2300 Nicolaus,
535 2236 680 2307 Epistolae
702 2243 747 2291 etc
749 2272 1317 2292 ..........
1422 2230 1520 2283 3330·

229 2348 272 2359 -
317 2321 431 2393 Paulus,
446 2320 543 2376 Oratio
560 2322 659 2377 habita
676 2320 723 2376 11.
739 2322 806 2379 Jan.
825 2323 904 2378 1451
923 2339 1018 2377 coram
1032 2319 1323 2392 Fridericolstlmp·
1369 2316 1463 2381 3481,
1486 2313 1519 2368 6.

180 2405 491 2462 Bartholomaeus
512 2406 664 2479 duplione,
688 2407 723 2462 V.
746 2406 978 2465 Bartholomaeus
1000 2407 1038 2463 de
1057 2405 1209 2462 Glanrilla.

235 2516 276 2529 -
319 2492 428 2559 stater,
452 2491 570 2548 Glossae
592 2494 627 2547 de
649 2492 778 2565 pulsibus
799 2526 1318 2548 .........
1369 2487 1461 2555 2332,
1485 2484 1519 2538 3.

232 2604 276 2618 --
317 2577 543 2633 introductiones
565 2584 594 2633 et
616 2578 807 2649 experimenta
828 2579 858 2633 in
879 2577 1035 2651 practicam
1057 2576 1246 2648 Hippocratis,
1263 2573 1322 2631 Ga·

364 2662 420 2719 leni
442 2669 472 2717 et
493 2661 670 2719 Constantini
693 2664 722 2717 in
744 2664 868 2736 linguam
890 2663 1081 2735 germanicam
1102 2662 1241 2717 translata
1307 2698 1318 2717 .
1368 2656 1462 2724 2524,
1486 2655 1517 2709 5.

182 2745 479 2803 Bartholomaeis
502 2749 537 2803 de
560 2748 688 2820 Segusio,
709 2750 849 2805 Hauricus
872 2750 919 2821 de,
939 2749 1054 2804 Summa
1075 2747 1268 2803 Decretalium
1309 2784 1318 2800 .
1420 2742 1515 2797 2060.

231 2859 275 2871 -
318 2832 433 2888 Summa
458 2834 488 2887 in
509 2833 533 2889 Ι.
556 2840 585 2888 et
605 2834 643 2889 11.
666 2834 862 2891 Decretalium
924 2868 1319 2891 .......
1367 2824 1518 2897 2030,1.

232 2944 273 2957 -
318 2916 409 2988 Super
430 2925 531 2990 quarto
553 2919 625 2974 libro
648 2919 838 2975 Decretalium
859 2954 1316 2975 ........
1367 2914 1462 2973 2114.
1486 2912 1519 2967 2.

232 3030 274 3040 -
318 3002 449 3059 Secunda
469 3021 535 3075 pars
557 3004 762 3076 expositionum
784 3006 812 3061 in
836 3004 991 3061 decretales
1050 3039 1316 3059 .....
1419 2997 1518 3054 2055.

181 3086 493 3145 Bartholomaeus
514 3089 678 3160 Brixieusis,
700 3090 864 3165 Apparatus
886 3091 916 3145 in
937 3091 1091 3147 Decretum
1114 3087 1246 3145 Gratiani
1309 3126 1316 3141 .
1421 3084 1516 3139 2201.

232 3202 273 3213 -
318 3174 490 3231 Brocardica
538 3211 994 3232 ........
1030 3174 1124 3244 2107,
1147 3175 1176 3229 1.
1199 3170 1293 3241 2157,
1315 3170 1344 3225 5.
1368 3171 1462 3236 2216,
1485 3169 1518 3224 3.

228 3284 275 3298 -
318 3258 407 3315 (lasus
428 3260 544 3315 Decreti
566 3259 695 3316 Gratiani
731 3297 1124 3319 .......
1200 3254 1293 3328 2071,
1316 3257 1344 3312 3.
1368 3256 1461 3319 2123,
1486 3256 1518 3308 1.

228 3369 276 3383 --
318 3344 437 3400 Glossae
458 3345 486 3400 iu
508 3344 661 3401 Decretum
685 3345 815 3403 (1ηῆιηὶ
861 3382 1316 3405 ........
1421 3337 1515 3395 2121.

230 3456 275 3470 -
317 3430 461 3486 Historiae
482 3430 667 3487 Decretorum
732 3466 1188 3489 ........
1200 3428 1295 3498 2070,
1316 3427 1345 3483 2.
1369 3426 1461 3495 2123,
1486 3426 1515 3480 2.

229 3542 274 3553 -
315 3514 490 3573 Reformatio
513 3534 628 3572 casuum
669 3551 1316 3575 ...........
1367 3512 1459 3579 2115,
1484 3510 1518 3567 5.

228 3625 275 3639 -
317 3600 462 3656 Summula
483 3602 680 3674 quaestionum
702 3602 910 3659 dominicalium
934 3608 961 3659 et
984 3602 1097 3659 brerior
1117 3598 1259 3655 renalium
1307 3636 1316 3653 .
1420 3597 1517 3652 2153.

229 3712 274 3726 -
317 3686 462 3743 summula
489 3687 684 3759 quaestionum
712 3689 921 3745 dominicalium
949 3694 980 3745 et
1000 3685 1217 3743 renerialium
1208 3686 1323 3757 injure

364 3772 500 3828 canonico
543 3806 1317 3831 .............
1368 3769 1466 3838 2071,
1485 3767 1518 3822 2.

229 3884 274 3898 -
317 3859 352 3913 de
374 3858 493 3930 Brugis‚
516 3858 602 3913 Dicta
623 3876 708 3931 super
728 3861 911 3932 prognostica
927 3892 1317 3915 .......
1368 3856 1460 3922 2520,
1484 3852 1519 3911 4.

230 3970 276 3983 -·
317 3942 512 4011 Bononiensis,
527 3943 744 4000 Commentum
736 3964 765 3999 ιιι
781 3946 867 4002 libros
881 3944 1086 4001 rhetoricorum
1103 3939 1326 4003 adHerenuium
1369 3940 1518 4009 3258,1.

231 4056 273 4068 -
317 4030 352 4085 de
374 4027 481 4099 Capua,
505 4028 653 4085 Sermones
674 4031 789 4086 XXVII
791 4064 1319 4087 .........
1369 4026 1462 4093 2132,
1485 4024 1517 4078 3.

229 4140 275 4156 --
316 4115 393 4186 prior
415 4113 632 4185 carthusiensis,
654 4115 805 4171 Tractatus
826 4134 878 4188 pru
900 4114 1070 4171 auctoritate
1090 4112 1273 4170 conciliorum
1307 4150 1317 4169 .
1368 4110 1460 4175 3473,
1485 4110 1519 4165 5.

229 4226 275 4239 -
318 4200 501 4265 Coloniensis,
525 4200 657 4255 Carmina
679 4200 807 4257 bucolica
828 4202 941 4273 aliaque
991 4236 1317 4255 ......
1332 4227 1334 4230 -
1367 4190 1460 4265 3034,
1483 4194 1515 4253 4.

231 4313 272 4325 -
316 4286 351 4341 de
384 4285 458 4341 Pisis
490 4284 549 4340 sire
581 4286 617 4342 de
649 4286 678 4343 S.
710 4285 881 4356 Concordio‚
914 4286 1032 4341 Summa
1060 4284 1095 4339 de
1122 4284 1235 4340 casibcu
1257 4300 1323 4339 cou-

364 4370 499 4427 scientiae
542 4408 1190 4427 ...........
1251 4368 1344 4438 2062,
1368 4367 1398 4421 1.
1422 4364 1520 4421 2144.

229 4482 275 4495 -
316 4456 495 4512 Documenta
515 4456 633 4512 moralia
654 4458 841 4529 antiquorum,
863 4455 959 4512 italice
990 4490 1318 4513 ......
1369 4451 1461 4517 2614,
1486 4452 1518 4504 4.

229 4568 276 4581 -
318 4543 353 4599 de
376 4541 525 4613 Glauvilla,
547 4541 592 4597 De
613 4541 833 4613 proprietatibus
853 4560 948 4597 rerum
991 4578 999 4593 .
1070 4540 1162 4595 2237.
1187 4540 1279 4595 2312.
1304 4538 1398 4594 2326.
1422 4537 1516 4593 2337.

229 4654 275 4666 ·-
318 4628 353 4682 de
375 4627 493 4697 Parma,
515 4626 603 4683 Liber
624 4628 659 4683 de
681 4628 797 4683 occultis
861 4667 869 4685 .
925 4666 933 4683 .
990 4664 998 4680 .
1054 4665 1062 4679 .
1118 4668 1125 4681 .
1181 4664 1188 4681 .
1244 4665 1252 4679 .
1306 4624 1440 4691 .3124,
1463 4622 1515 4677 42.

233 4744 272 4756 -
317 4712 436 4769 Elibro
459 4714 494 4769 de
511 4713 627 4785 judiciis
648 4714 817 4785 astrologiae
837 4712 892 4769 looi
927 4748 1318 4767 .......
1348 4710 1440 4776 3124,
1464 4708 1515 4763 43.
