3709 5734
845 1688 875 1789 I

597 1909 777 1992 INDEX
808 1892 1129 1993 AUCTORUM

202 2366 428 2423 Abaelarrlus
450 2367 559 2435 Petrus,
582 2366 720 2437 Dialogus
749 2404 1330 2421 ..........
1404 2364 1474 2431 819,
1501 2364 1527 2415 1.

243 2484 279 2494 -
325 2452 454 2523 Epistola
475 2459 574 2507 contra
595 2453 750 2507 calumnias
772 2452 946 2523 objectorum
969 2453 1153 2523 capitulorum
1197 2490 1204 2504 .
1263 2492 1267 2501 .
1324 2487 1330 2501 .
1405 2448 1475 2517 998,
1500 2448 1528 2501 2.

242 2570 279 2580 -
324 2538 430 2593 Versus
453 2538 483 2592 in
504 2538 616 2593 laudem
638 2544 752 2593 sanctae
774 2536 864 2591 crucis
877 2574 1331 2591 ........
1405 2532 1476 2603 143,
1500 2534 1528 2587 2.

201 2622 378 2696 Abgarus,
401 2623 530 2694 Epistola
551 2623 716 2695 apocrypha
736 2622 773 2676 ad
795 2621 937 2676 Christum
959 2629 988 2677 et
1010 2622 1114 2677 Christi
1135 2622 1281 2693 responsio
1323 2658 1330 2672 .
1403 2618 1475 2688 930,
1501 2618 1528 2671 7.

201 2707 424 2764 adalbertus
445 2710 588 2764 Ranconis
610 2710 645 2764 de
667 2707 789 2776 Ericino,
811 2708 857 2762 De
877 2706 1011 2779 vectigali
1032 2708 1141 2763 clericis
1163 2708 1294 2779 imposito
1325 2744 1331 2757 .
1405 2703 1475 2773 745,
1499 2704 1527 2757 1.

151 2792 423 2849 ‘Adamnanns
444 2794 534 2849 abbas
555 2794 687 2866 Hyensis‚
708 2794 754 2849 De
775 2793 845 2848 locis
866 2798 959 2848 terrae
982 2798 1138 2849 5555155.
1195 2834 1203 2850 .
1258 2832 1265 2848 .
1323 2831 1331 2845 .
1404 2790 1527 2859 609,1.

202 2876 348 2937 Adamus
369 2880 539 2949 Bremensis‚
563 2879 652 2935 Gesta
673 2877 837 2951 pontificum
859 2878 1203 2950 Hammenburgeusium.
1261 2917 1267 2930 .
1324 2915 1330 2927 .
1403 2874 1528 2944 521,1.

201 2963 396 3036 Adelgerus
408 2966 565 3037 episcopus,
576 2964 991 3019 AmmonitioadNonsvindam
999 2964 1137 3019 reclusam
1160 2964 1231 3034 428,
1245 2964 1272 3017 2.
1287 2962 1358 3029 889,
1372 2961 1399 3014 2.
1414 2961 1484 3029 982,
1499 2960 1528 3013 2.

201 3048 386 3122 aegidius,
408 3051 558 3107 Tractatns
580 3052 615 3105 de
636 3050 892 3121 praedestinatione
939 3085 1330 3105 .......
1382 3046 1474 3114 1602,
1499 3044 1532 3110 4.,

240 3164 283 3173 -
322 3136 499 3205 Parisiensis,
522 3136 642 3191 Carmen
663 3137 701 3190 ad
722 3136 837 3191 Petrum
858 3136 894 3188 de
915 3134 990 3207 Riga
1003 3171 1330 3189 ......
1457 3132 1528 3187 973.

240 3252 282 3259 -
322 3222 474 3292 Romanus,
497 3220 719 3279 Commentarius
740 3222 771 3275 in
792 3221 912 3291 primum
934 3220 1135 3275 sententiarum
1191 3260 1196 3271 .
1255 3258 1261 3270 .
1318 3258 1324 3269 .
1435 3216 1528 3271 1448.

241 3337 283 3345 -
326 3340 364 3349 -
408 3308 454 3363 De
475 3307 641 3363 formatione
662 3307 777 3362 humani
799 3305 923 3377 corporis
945 3306 974 3359 in
995 3312 1075 3361 utero
1130 3344 1138 3361 .
1195 3344 1201 3357 .
1259 3344 1266 3357 .
1323 3342 1329 3355 .
1403 3303 1474 3371 368,
1498 3302 1527 3355 8.

227 3398 282 3431 ’-
322 3424 366 3433 -
407 3394 580 3465 Fragmenta
601 3393 694 3463 operis
715 3394 750 3448 de
772 3392 932 3464 cognitione
1002 3426 1329 3445 ......
1382 3388 1474 3457 1468,
1498 3386 1527 3441 5.

242 3508 282 3517 -
323 3508 364 3516 —-
409 3479 455 3534 De
475 3484 592 3550 peccato
614 3478 742 3550 originali
810 3514 1330 3531 .........
1383 3474 1527 3543 1473,1.
1614 3474 1616 3478 ’

243 3592 269 3605 -
323 3592 365 3603 -
408 3564 454 3619 De
474 3564 605 3619 laudibus
627 3563 739 3619 divinae
761 3562 916 3635 sapientiae
939 3600 1329 3616 .......
1383 3560 1474 3628 1473,
1499 3560 1526 3612 2.

243 3680 281 3690 -
329 3678 365 3688 -
408 3650 454 3705 De
474 3648 611 3720 regimine
632 3648 790 3721 principum
812 3688 1139 3703 ......
1214 3645 1305 3715 1505,
1330 3646 1358 3700 5.
1383 3644 1475 3713 1587,
1500 3644 1528 3698 3.

202 3736 428 3803 Aeschines,
451 3733 599 3789 Orationes
624 3740 682 3790 tres
749 3768 1330 3789 ..........
1383 3730 1454 3796 960,
1479 3729 1528 3782 23.
1603 3734 1609 3754 “

203 3821 384 3893 Aesopus,
405 3820 532 3875 Fabulae
554 3856 1332 3875 .............
1405 3816 1475 3884 901,
1499 3814 1527 3868 3.

244 3938 283 3949 -
322 3906 495 3977 Fragmenta
514 3905 673 3961 fabularum
694 3906 821 3960 versibus
844 3904 1067 3975 conscriptarum
1132 3946 1137 3957 .
1196 3945 1202 3957 .
1261 3945 1267 3955 .
1324 3940 1330 3954 .
1404 3902 1474 3969 639,
1501 3900 1528 3953 7.

206 3991 388 4060 Aethicus,
410 3990 632 4062 Cosmographia
640 4026 1330 4047 ............
1404 3987 1474 4053 181,
1499 3986 1527 4038 1.

206 4075 374 4149 agapitus
395 4077 484 4147 Papa,
506 4076 635 4147 Epistola
656 4076 693 4130 ad
715 4076 892 4131 Gerhartlnm
914 4075 1140 4129 Laureacensem
1194 4114 1200 4125 .
1257 4114 1263 4125 .
1338 4070 1431 4141 1051,
1452 4062 1528 4137 253)

205 4160 392 4233 agathias,
414 4162 460 4217 De
480 4161 555 4216 bello
578 4162 734 4218 Gothorum
755 4162 871 4231 interpr.
895 4160 997 4223 Christ
1020 4160 1146 4215 Persona
1195 4200 1200 4212 .
1260 4201 1265 4210 .
1323 4198 1329 4210 .
1477 4154 1526 4209 82.

204 4244 287 4303 Aito
307 4264 356 4303 seu
376 4247 465 4302 Hatto
487 4248 659 4317 Basiliensia‚
682 4247 814 4318 Capitula
835 4246 920 4302 XXV
942 4244 1064 4301 dioecesi
1087 4244 1215 4299 ordinata
1261 4283 1267 4295 .
1324 4283 1330 4295 .
1382 4240 1453 4309 914,
1478 4243 1527 4295 11.

206 4330 337 4388 Alanus
360 4333 397 4387 ab
417 4332 530 4402 Insulis,
553 4333 757 4403 compendium
778 4330 1009 4389 Anti-Claudiani
1066 4367 1330 4383 .....
1382 4326 1473 4393 1569,
1500 4326 1527 4379 2.

247 4444 287 4455 ·-
325 4419 371 4473 De
393 4435 441 4473 sex
462 4418 514 4472 alis
537 4418 687 4475 Cherubim
749 4452 1331 4473 ..........
1383 4412 1475 4479 1313,
1499 4412 1526 4465 3.

246 4529 286 4541 -
323 4503 411 4559 Liber
431 4504 641 4575 poenitentialis
684 4537 1329 4557 ...........
1435 4497 1526 4551 1741.

246 4615 284 4626 -
324 4590 465 4660 Excerpta
487 4607 521 4645 ex
543 4590 675 4660 operibus
746 4622 1330 4642 ..........
1381 4582 1452 4653 362,
1477 4584 1526 4637 31.

206 4669 409 4741 Albericus‚
431 4674 578 4745 Expositio
598 4675 757 4730 fabularum
779 4675 953 4745 poeticarum
1000 4706 1326 4726 ......
1455 4669 1525 4723 260.

207 4755 418 4815 ,1165515555
441 4760 601 4830 Brixiensis,
624 4762 669 4817 De
692 4778 786 4816 amore
808 4759 854 4814 (lei
876 4764 905 4814 et
926 4757 1072 4829 proximi.
1131 4797 1141 4814 .,
1194 4794 1201 4807 .
1248 4793 1264 4839 Ι.
1322 4794 1329 4808 .
1381 4752 1525 4824 322,10.
