3709 5734
305 2505 407 2564 ordino
430 2527 488 2585 quo
511 2507 580 2565 olim
604 2509 634 2564 in
657 2507 865 2566 bibliothecam
882 2511 992 2587 recepti
1016 2519 1093 2578 sunt,
1116 2531 1172 2568 nec
1193 2509 1378 2570 uberioribus
1400 2511 1635 2571 enarrationibus

305 2643 462 2702 instructos
485 2645 536 2702 sed
562 2665 598 2703 ee
620 2644 765 2706 brevitate
788 2645 961 2726 descriptos,
985 2667 1062 2727 quae
1084 2650 1150 2706 usui
1173 2647 1332 2707 suffectura
1352 2647 1518 2706 videbatur.

407 2779 513 2859 Itaque
528 2781 652 2859 singulis
669 2783 819 2842 codicibus
837 2804 887 2844 eos
910 2804 1048 2844 numeros
1064 2785 1263 2863 praefiximus,
1287 2783 1394 2863 quibus
1409 2784 1441 2841 iu
1455 2781 1635 2842 bibliotheca

304 2914 370 2992 ipsa
386 2915 618 2990 dinumerantur,
641 2922 784 2999 appositis
800 2931 898 2980 temen
912 2923 989 2981 inter
1000 2943 1091 2981 uncos
1107 2923 1190 2999 siglis
1213 2923 1264 2994 eis,
1288 2920 1395 3000 quibus
1410 2921 1481 2979 olim
1505 2919 1634 2977 editores

304 3049 433 3110 indicum
456 3054 501 3112 usi
524 3063 599 3114 sunt.
634 3055 669 3114 In
693 3077 752 3136 qua
774 3059 850 3116 serie
879 3059 903 3116 si
927 3059 1046 3139 quando
1069 3079 1208 3117 numerus
1230 3059 1446 3127 intermittitur,
1476 3055 1629 3114 sciendum

307 3195 352 3246 est
374 3209 432 3246 non
451 3191 581 3250 codicem
597 3191 768 3264 desiderari,
792 3194 845 3253 sed
862 3194 1031 3254 desiderato
1046 3215 1168 3254 numero
1191 3195 1361 3254 denotatum
1384 3192 1500 3258 librum,
1523 3192 1634 3270 quippe

307 3324 382 3384 alius
412 3326 520 3386 codicis
547 3337 675 3407 partem,
704 3331 761 3388 hoc
783 3332 888 3390 indicis
911 3333 975 3390 loco
998 3331 1109 3392 haberi.
1147 3334 1238 3390 Porro
1261 3332 1310 3390 hic
1333 3331 1395 3389 illic
1417 3331 1565 3390 asteriscis
1594 3327 1636 3385 di.

307 3463 428 3522 stinetos
444 3485 583 3526 numeros
599 3487 637 3526 ex
652 3468 840 3546 pristinorum
854 3468 1053 3528 bibliothecae
1065 3469 1218 3527 custodum
1231 3469 1444 3528 consuetudine
1454 3469 1636 3539 retinuimus,

309 3600 360 3678 qui
375 3620 596 3682 nonnumquam
611 3624 715 3664 recens
731 3614 914 3685 comparatos
934 3605 1060 3676 codices,
1085 3625 1145 3664 non
1160 3607 1332 3664 continuata
1346 3623 1534 3664 numerorum
1550 3607 1635 3675 serie,

311 3736 394 3794 iuxta
417 3740 584 3800 consimiles
607 3742 707 3822 aliquo
729 3745 849 3802 nomine
872 3743 1007 3815 codices,
1038 3744 1187 3801 asteriscis
1209 3742 1358 3814 adhibitis,
1389 3744 1637 3821 interposuerunt.

304 3871 434 3953 Reliqua
446 3897 523 3955 quae
538 3877 576 3936 ad
589 3887 742 3938 externam
756 3879 888 3940 codicum
902 3879 1131 3957 descriptionem
1146 3880 1304 3957 pertinent,
1320 3880 1482 3949 materiam,
1500 3885 1637 3947 aetatem,

306 4010 430 4070 formam
446 4013 588 4086 codicum,
606 4015 673 4088 alia,
690 4017 843 4075 tralaticiis
855 4017 932 4074 notis
944 4015 1185 4093 significavimus.
1210 4015 1373 4074 Historiam
1389 4025 1487 4073 autem
1503 4013 1637 4073 codicum

306 4157 464 4227 pertexere
486 4159 516 4210 et
537 4172 591 4230 per
613 4173 736 4232 qnorum
752 4173 954 4230 possessorum
969 4173 1075 4212 manus
1097 4172 1192 4233 usque
1214 4153 1252 4212 ad
1274 4162 1405 4212 nostram
1428 4150 1637 4210 bibliothecam

305 4285 405 4346 traditi
419 4288 485 4360 sint,
503 4298 639 4349 accurate
657 4309 804 4362 enararre,
821 4310 858 4350 ne
873 4291 961 4348 nimis
977 4290 1158 4348 voluminum
1169 4290 1262 4349 moles
1274 4296 1463 4356 accresceret,
1480 4289 1635 4358 noluimus,

306 4441 372 4482 cum
401 4427 587 4502 praesertim,
622 4437 763 4507 quantum
795 4447 895 4486 earum
925 4447 1023 4485 rerum
1054 4428 1196 4498 innotuit,
1229 4429 1261 4486 in
1289 4427 1412 4506 privetis
1441 4424 1638 4484 bibliothecae

305 4559 448 4638 catalogis
471 4564 666 4642 perscriptum
690 4564 812 4622 curiosis
829 4573 940 4642 pateat.
962 4564 1009 4621 llo
1024 4583 1095 4622 vero
1112 4563 1284 4640 diligentius
1299 4582 1376 4642 quae
1398 4561 1548 4622 codicibus
1571 4581 1638 4619 con·

306 4695 437 4756 tinentur
459 4697 631 4775 singillatim
648 4700 858 4769 recensuimus,
877 4699 939 4759 fere
954 4708 1087 4759 vetustas
1108 4700 1240 4760 rubricas
1255 4701 1359 4772 secuti,
1383 4701 1524 4780 appositis
1540 4699 1639 4764 etiam,
