3709 5734
189 731 435 803 Hieronymus,
458 732 496 796 8.,
519 732 645 803 Epistola
666 732 703 787 66
723 731 912 787 Theodosium
933 738 962 787 et
983 739 1089 788 6666666
1110 732 1292 789 6666666666·
1377 733 1449 802 666,
1472 734 1500 791 6.

224 846 264 855 -
306 816 350 871 Ex
371 816 489 887 epistola
509 818 546 871 ad
566 816 662 871 Titum
682 816 718 871 de
739 816 877 889 episeopis
898 853 1286 873 .......
1358 816 1448 887 1488,
1472 814 1500 874 7.

223 930 265 941 --
308 902 435 973 Epistola
456 903 491 958 de
513 908 674 974 contemptu
695 902 790 957 mundi
834 940 1284 957 ........
1356 904 1447 973 1650,
1471 903 1499 959 5.

223 1016 267 1028 -
308 987 435 1059 Epistola
456 989 490 1043 de
511 988 681 1045 honorandis
701 987 864 1059 parentibus
896 1026 1284 1041 .......
1376 990 1446 1057 960,
1471 988 1499 1045 7.

224 1100 262 1110 -
308 1072 435 1143 Epistola
455 1074 491 1129 de
514 1073 673 1147 virginitate
694 1075 830 1128 66666666
896 1110 1282 1127 .......
1377 1072 1446 1144 766,
1470 1074 1498 1131 5.

223 1186 266 1196 -
309 1158 436 1229 Epistola
455 1158 605 1229 incipiens:
623 1143 747 1230 ‘Lingua
768 1156 873 1214 domini
893 1158 963 1213 tuba
983 1146 1113 1215 66666
1149 1198 1155 1211 .
1213 1200 1219 1212 .
1277 1198 1284 1213 .
1376 1158 1446 1229 664,
1470 1160 1498 1217 a.

222 1270 265 1280 --
309 1243 437 1315 spana
456 1244 607 1315 incipiens:
623 1228 723 1311 ‘Quor
740 1245 851 1315 ignotus
873 1244 910 1298 m
931 1230 1155 1317 ignotum...’.
1213 1283 1219 1297 .
1276 1284 1283 1297 .
1377 1245 1446 1315 994,
1470 1244 1498 1301 4.

221 1356 263 1367 —-
307 1328 451 1400 Epistulae
512 1371 519 1383 .
575 1369 582 1384 .
638 1371 645 1384 .
843 1329 912 1401 688,
938 1330 964 1383 1.
989 1331 1058 1385 690.
1083 1330 1152 1400 709,
1176 1333 1203 1385 1.
1229 1329 1298 1393 746,
1324 1331 1350 1383 1.
1375 1330 1445 1403 780,
1469 1330 1501 1387 9.·

221 1440 264 1453 ·-
307 1413 450 1485 Epistolae
471 1420 528 1475 tros
577 1452 1280 1471 ............
1374 1416 1444 1485 934,
1468 1415 1496 1473 6.

225 1530 263 1539 -
307 1499 450 1571 Epistulae
470 1501 508 1555 66
530 1499 689 1571 6451361666,
711 1502 747 1554 66
768 1501 916 1555 Paulinum
938 1506 967 1555 et
988 1500 1214 1557 Pammachium.
1272 1536 1280 1553 .
1353 1501 1445 1571 1005,
1469 1502 1496 1559 9.
1582 1542 1589 1563 .

117 1591 118 1596 ’
221 1611 264 1623 -
308 1585 353 1639 Ad
375 1584 574 1650 Chromatium
597 1586 728 1641 Jorinum
750 1592 779 1639 et
800 1585 951 1641 Eusebium
1017 1624 1279 1644 .....

221 1700 262 1711 -
308 1670 450 1741 Epistulae
472 1671 509 1725 ad
531 1671 698 1739 Heluidium,
720 1671 756 1725 ad
778 1670 936 1742 Hedybiam
958 1678 1011 1731 666.
1082 1713 1087 1724 .
1144 1713 1151 1729 .
1208 1712 1214 1725 .
1271 1710 1278 1725 .

222 1782 264 1793 -
307 1756 450 1826 Epistulae
471 1757 508 1811 ad
529 1756 736 1812 Pammachium
766 1796 1277 1812 .........

221 1869 263 1879 -
306 1840 450 1912 Epislobse
476 1844 512 1897 ad
539 1842 726 1914 Principiam,
755 1844 791 1897 ad
818 1842 964 1912 Asellam„
983 1842 1019 1897 ad
1046 1840 1222 1899 Theodoram
1251 1847 1280 1897 et

345 1926 506 1983 Marcellam
576 1966 900 1983 .....
911 1954 916 1972 ·
957 1963 1278 1985 ......
1331 1925 1421 1997 1005,
1445 1927 1493 1983 11.

221 2037 263 2051 -·
306 2010 450 2083 Epistulae
471 2014 508 2068 66
523 2012 643 2067 Vitalem
665 2020 694 2068 et
714 2013 784 2067 61166
826 2050 1278 2070 ........
1350 2012 1441 2083 1005,
1465 2013 1492 2069 9.

222 2121 260 2134 -·
307 2096 449 2168 Epistolae
471 2100 507 2153 ad
528 2098 648 2170 virgines
670 2105 699 2153 et
719 2098 847 2154 mulieres
869 2099 1054 2172 quadraginta
1076 2106 1131 2155 tres
1206 2137 1213 2151 .
1270 2131 1279 2151 ·
1371 2098 1441 2167 644,
1464 2098 1493 2155 9.

222 2210 260 2221 ·-
306 2182 449 2253 Epistolae
471 2184 507 2238 ad
528 2185 601 2238 61666
624 2184 767 2255 octoginta
825 2221 1277 2242 ........
1370 2183 1491 2253 644,1.

220 2292 261 2304 ·-
304 2267 440 2339 Prologus
460 2268 491 2322 in
511 2268 651 2340 Epistulas
672 2270 821 2324 canonicas
889 2309 896 2323 .
953 2308 959 2321 .
1142 2310 1149 2323 .
1205 2307 1212 2320 .
1268 2304 1277 2323 .
1349 2270 1439 2337 1367,
1463 2269 1490 2326 3.

219 2378 261 2388 -
302 2352 498 2423 Interpretatio
519 2353 712 2409 hebraicorum
733 2355 895 2409 nominum.
951 2396 957 2407 .
1013 2394 1021 2409 .
1079 2397 1084 2408 .
1140 2354 1272 2423 .1049,
1297 2354 1439 2418 1.1078,
1464 2356 1491 2409 1.

223 2468 259 2478 -
305 2437 395 2508 Super
415 2438 689 2510 interpretationibus
709 2440 904 2495 hebraicorum
923 2439 1066 2495 nominum
1143 2480 1148 2493 .
1205 2479 1214 2498 .
1268 2477 1275 2493 .
1348 2440 1490 2505 1640,1.

220 2548 262 2558 -
303 2523 499 2594 Interpretatio
520 2524 657 2597 evangelii
678 2526 831 2580 seeundum
848 2525 977 2581 Marcum
1016 2562 1276 2583 .....
1368 2526 1439 2594 651,
1462 2526 1490 2581 4.

117 2617 121 2627 '
222 2632 262 2644 ·-
305 2608 463 2665 Inveotivae
484 2616 514 2665 et
533 2609 589 2665 alia
609 2602 762 2681 opuseula'
760 2650 1273 2669 .........
1367 2610 1437 2676 644,
1462 2612 1489 2667 3.

220 2718 261 2729 -
307 2700 336 2748 66
355 2694 496 2750 Honorius
518 2695 787 2767 Augustodunensia‚
809 2696 878 2751 Loci
901 2696 936 2751 de
958 2696 1105 2751 Lactantio
1139 2738 1147 2751 .
1203 2734 1209 2748 .
1267 2735 1274 2747 .
1367 2695 1490 2763 719,1.

220 2805 261 2817 -·
306 2778 448 2836 Praefatio
469 2782 504 2836 66
526 2780 660 2837 universis
681 2782 759 2836 libris
780 2781 890 2836 divinae
911 2781 1083 2852 scripturae.
1140 2820 1146 2835 .
1204 2821 1211 2836 .
1267 2821 1274 2834 .
1337 2782 1439 2857 1119,
1463 2784 1490 2837 9.

224 2896 259 2907 —-
305 2864 384 2931 Quae
406 2866 441 2919 66
463 2866 642 2938 septuaginta
661 2867 843 2938 interpretum
865 2866 987 2922 editione
1009 2872 1139 2938 corrupta
1160 2866 1216 2921 6166
1268 2906 1274 2918 .
1369 2867 1439 2936 964,
1463 2868 1490 2923 9.

222 2982 258 2993 -
303 2950 487 3015 Quaestioues
508 2951 657 3007 hebraicae
677 2952 707 3007 in
729 2951 852 3007 Genesin
887 2990 1273 3007 .......
1366 2952 1437 3023 865,
1461 2951 1489 3008 4.

220 3062 260 3073 -
303 3034 448 3101 Quomodo
469 3037 678 3109 intelligendum
700 3038 737 3092 sit
758 3038 832 3109 quod
847 3037 989 3109 apostolus
1004 3036 1072 3091 dicit
1090 3020 1207 3091 ‘fruetus
1222 3036 1275 3108 spi·

338 3108 577 3177 66666...’.
634 3160 644 3176 .
697 3165 704 3178 .
761 3165 767 3175 .
823 3162 894 3177 ..
1012 3161 1146 3177 ...
1266 3122 1489 3192 ,666666

222 3232 261 3244 ··-
305 3204 401 3261 Sermo
423 3208 458 3262 de
480 3209 595 3263 caritate
617 3202 850 3263 666611161666166
872 3208 1046 3263 sacerdotum
1069 3208 1097 3261 16
1120 3208 1223 3278 populo
1266 3244 1274 3260 .
1325 3207 1416 3272 1051,
1440 3210 1489 3263 49.

223 3319 262 3329 --
304 3290 401 3347 Sermo
422 3293 457 3347 de
478 3293 634 3348 bumilitate
656 3295 808 3348 sacerdotis
822 3330 1274 3348 ........
1326 3294 1416 3361 1051,
1441 3294 1489 3348 39.

225 3408 275 3429 -ι
303 3375 399 3432 Sermo
421 3379 456 3433 de
477 3378 716 3449 persecutionibus
760 3415 1275 3433 .........
1367 3378 1437 3447 967,
1462 3380 1490 3435 8.

224 3494 261 3505 -
304 3461 400 3517 Sermo
422 3464 458 3517 de
478 3464 663 3519 sollieitudine
686 3466 860 3519 sacerdotnm
881 3465 911 3517 in
932 3464 1034 3535 populo
1077 3504 1084 3517 .
1142 3506 1147 3517 .
1204 3502 1211 3519 .
1268 3505 1275 3519 .
1327 3464 1417 3533 1051,
1440 3465 1490 3519 40.

224 3578 264 3589 -
305 3546 402 3603 Sermo
424 3549 543 3619 qualiter
564 3557 687 3605 errantes
709 3567 727 3604 6
748 3548 907 3604 doctoribus
928 3548 1102 3621 corrigantur
1140 3588 1148 3603 .
1204 3586 1212 3605 .
1269 3590 1274 3601 .
1327 3549 1417 3618 1051,
1442 3550 1490 3604 36.

224 3660 263 3668 -
304 3619 1019 3707 Sermoincipiens:‘Eooeerquatribu.'..'.
1078 3676 1083 3687 .
1142 3674 1147 3686 .
1204 3676 1210 3689 .
1267 3674 1273 3689 .
1348 3634 1490 3703 618,11.

225 3742 264 3757 -·
304 3717 451 3775 Sermones
514 3731 534 3773 .'
577 3762 837 3777 .....
889 3722 960 3790 953,
985 3720 1010 3775 7.
1035 3721 1127 3793 1005,
1152 3720 1199 3773 13.
1223 3722 1345 3792 quinque
1368 3721 1438 3789 660,
1462 3722 1490 3777 3.

225 3830 264 3841 ·-
304 3803 450 3861 Sermones
471 3807 506 3860 de
528 3808 673 3862 nativitate
695 3807 799 3861 domini
821 3815 865 3864 ete
867 3844 1276 3863 ........
1369 3806 1439 3874 967,
1463 3806 1490 3860 5.

225 3915 264 3927 -·
303 3889 452 3946 Tractatus
473 3892 508 3945 66
529 3892 720 3948 incarnatione
743 3892 846 3948 domiui
869 3899 965 3948 eontra
986 3892 1110 3948 Judaeos
1143 3934 1147 3948 .
1206 3932 1211 3943 .
1269 3933 1276 3946 .
1369 3890 1439 3959 590,
1463 3892 1490 3945 5.

225 4002 264 4012 -
303 3975 369 4031 Vita
390 3976 493 4030 Malebi
508 4014 1274 4037 .............
1348 3977 1418 4047 960,
1444 3979 1490 4031 19.

226 4086 265 4099 -·
303 4060 370 4117 viu
392 4060 420 4116 S.
443 4060 547 4117 Paulae
569 4099 1275 4119 ............
1347 4062 1418 4129 433,
1444 4065 1490 4116 10.

226 4171 263 4181 -
304 4140 372 4201 Vitu
395 4146 423 4202 S.
446 4147 527 4202 Pauli
548 4148 631 4218 primi
652 4148 782 4202 eremitae
822 4189 828 4201 .
885 4186 893 4201 .
949 4189 955 4201 .
1054 4149 1124 4211 618,
1149 4148 1176 4202 7.
1201 4146 1272 4215 960,
1296 4149 1347 4203 99.
1369 4148 1439 4215 994,
1464 4149 1490 4201 9.

224 4258 265 4271 -·
303 4231 437 4304 Epilogus
457 4233 531 4287 61666
554 4231 582 4287 S.
604 4233 685 4289 Pauli
699 4271 1275 4288 ..........
1349 4233 1418 4300 960,
1443 4234 1490 4286 13.

225 4340 264 4352 -
303 4316 369 4371 Vita
390 4316 419 4373 S.
441 4318 522 4372 Pauli
544 4317 622 4373 669.
644 4318 795 4373 Hilarionis
826 4354 1150 4376 ......
1166 4372 1171 4379 ,
1206 4358 1212 4371 .
1269 4352 1277 4371 .
1370 4317 1439 4385 504,
1465 4318 1491 4371 1.

226 4425 263 4437 ·-
302 4400 462 4458 Sententiae
484 4409 513 4458 et
533 4404 639 4459 monita
659 4421 693 4459 ex
715 4404 845 4473 operibus
889 4440 1276 4459 .......
1369 4402 1440 4471 840,
1464 4403 1491 4457 9.

226 4508 265 4525 ·-
302 4486 433 4555 Pseudo,
455 4488 582 4559 Epistola
603 4488 640 4543 ad
661 4488 850 4543 Chromatium
872 4495 901 4543 et
922 4488 1103 4544 Heliodorum
1142 4527 1150 4543 .
1205 4526 1212 4542 .
1270 4527 1276 4539 .
1371 4488 1440 4557 930,
1464 4488 1492 4543 4.

226 4594 265 4609 -·
302 4568 427 4643 Epistola
448 4574 484 4628 ad
505 4574 657 4629 Damasum
679 4591 781 4644 papam
824 4613 830 4626 .
910 4572 981 4643 748,
1005 4574 1032 4630 9.
1057 4574 1126 4645 789,
1150 4572 1198 4627 98.
1223 4572 1293 4640 803,
1318 4572 1345 4625 9.
1370 4573 1439 4643 940,
1465 4576 1494 4629 1.

1182 4658 1273 4727 1193,
1297 4658 1324 4711 9.
1350 4658 1440 4728 1193,
1464 4660 1492 4715 5.

228 4762 268 4776 -
304 4742 428 4815 Epistola
448 4746 486 4800 ad
507 4746 659 4800 Damasum
682 4752 712 4800 et
731 4746 875 4817 responsio
895 4744 978 4816 hujus
1018 4783 1277 4799 .....
1371 4744 1440 4813 639,
1464 4746 1491 4799 3.
