3709 5734
251 607 311 665 aar
854 609 894 680 tl

290 793 474 872 Rapotcncm
489 793 643 866 Comitem,
666 815 685 852 a
706 815 781 896 quo
787 797 924 856 continuo
947 796 1168 871 descendentes,
1191 800 1264 860 Ut'
1255 821 1286 860 ιιι
1301 801 1405 861 arbore
1421 804 1535 862 cernis?

289 879 395 938 Altera
417 880 596 940 inscribitur:
625 873 685 940 ‘De
708 883 820 958 origine
843 891 873 942 et
894 881 1070 943 fundacione
1092 887 1179 944 castri
1201 894 1232 944 et
1253 887 1408 946 comitatus
1430 907 1534 948 conru-

290 965 376 1024 denu'
412 967 521 1078 Incip.·
540 958 657 1026 Fertur
679 967 757 1070 quod
779 967 821 1026 bii
844 967 965 1027 comites
988 970 1155 1050 aquodam
1176 979 1276 1030 monte
1298 973 1376 1032 dicto
1395 973 1535 1033 Habendi

289 1059 431 1111 castrum.
424 1090 473 1138 ..Γ
482 1053 541 1111 ’et
563 1053 685 1131 explic:
703 1043 862 1132 ‘protector
883 1053 1043 1113 aduocatos
1064 1055 1142 1114 illius
1159 1059 1328 1116 monasterii
1343 1067 1441 1117 actum
1456 1079 1534 1118 auno

288 1136 342 1194 Mx
365 1146 395 1196 et
416 1139 470 1196 itta
491 1146 605 1196 (ιοιιιιιιιι
626 1137 817 1216 probabiliter
845 1140 927 1216 origo
956 1138 1117 1202 borum...
1197 1143 1240 1221 4.)
1264 1145 1425 1202 201-261.
1447 1165 1486 1202 m.
1509 1166 1533 1202 a.

286 1223 377 1282 XIII.
411 1221 577 1282 Chronioon
591 1224 767 1296 universale,
791 1225 838 1282 cui
852 1243 957 1284 manus
971 1226 1116 1284 recentior
1130 1229 1350 1326 suprascripsit.
1372 1219 1533 1288 ‘Chronica

285 1309 476 1367 australium'
520 1309 630 1386 Incip.:
648 1300 728 1368 ‘Non
750 1309 874 1368 arbitror
896 1310 1105 1370 infructuosum
1128 1313 1234 1371 seriem
1256 1313 1325 1372 huic
1346 1315 1428 1392 operi
1450 1316 1529 1374 inse·

286 1415 361 1466 rere,
384 1415 441 1475 que
458 1391 487 1475 [l.
503 1392 572 1474 quo]
589 1395 680 1454 lector
694 1404 799 1452 cuncta
813 1397 954 1454 transacti
967 1395 1069 1456 mundi
1084 1405 1217 1476 tempora
1238 1407 1328 1480 queat
1350 1420 1407 1458 uno
1424 1401 1533 1460 intuitu

256 1475 259 1479 ’
286 1481 465 1557 ιιςιιοιιοιιιιι.ἱ
509 1481 617 1558 Incipit
635 1479 792 1538 chronicon
815 1501 833 1538 a
853 1489 985 1559 tempore
1000 1481 1157 1554 Satahelis,
1179 1485 1265 1561 primi
1257 1483 1531 1562 ',archangelorum

285 1585 380 1645 usque
395 1567 433 1626 ad
447 1573 580 1644 tempora
595 1566 679 1642 Eug
644 1567 721 1624 ‹ronir
714 1565 786 1624 III
800 1565 890 1645 Papae
913 1565 951 1644 (c.
966 1587 993 1625 a.
1014 1569 1117 1646 1153).
1154 1567 1324 1649 Sequuntur
1339 1570 1405 1628 alim
1427 1592 1532 1630 manus

285 1651 367 1719 duae,
391 1670 512 1731 quarum
534 1651 613 1729 prior
634 1652 781 1710 recensuit
801 1650 951 1730 Paparum
972 1653 1078 1711 seriem
1100 1673 1193 1732 usque
1215 1655 1254 1714 ad
1276 1657 1481 1714 Innocentium
1502 1657 1531 1715 V

285 1737 324 1815 (a.
343 1739 446 1818 1276),
470 1737 564 1796 altera
591 1736 629 1794 ad
650 1737 806 1795 Nicolaum
829 1738 873 1796 IV
902 1757 997 1818 usquo
1019 1737 1056 1815 (c.
1079 1759 1106 1796 a.
1131 1741 1235 1819 1290).
1302 1741 1343 1819 5.)
1368 1741 1530 1801 261-391.

284 1822 452 1882 Chronicon
466 1821 631 1881 Hermanni
646 1821 814 1898 Augiensis,
838 1822 1041 1882 abbreviatum
1059 1844 1078 1881 a
1092 1825 1236 1884 monacho
1247 1824 1472 1898 San-Gallensi,
1488 1827 1526 1886 ab

283 1929 361 1966 anno
374 1907 484 1968 Christi
500 1912 515 1965 1
532 1927 626 1988 usque
642 1907 681 1966 ad
695 1927 804 1966 annum
822 1909 912 1966 1075.
972 1909 1014 1987 6.)
1038 1909 1200 1967 391-40·.
1243 1911 1454 1988 Fragmentum
1465 1913 1528 1971 An·

282 1995 394 2052 nalium
413 1993 638 2064 Mullicensium,
661 2013 754 2052 annos
779 1995 1001 2052 1075-1114
1024 1994 1230 2074 complectens.
1299 1998 1340 2076 7.)
1364 1998 1528 2056 401-401.

282 2077 472 2140 Continuatio
496 2099 561 2158 quae
583 2077 689 2137 dicitur
712 2077 1061 2156 Oleastronooburgensis
1082 2080 1178 2158 prima
1198 2081 1360 2140 Annalium
1376 2081 1529 2142 Mellicen-

281 2166 358 2224 simn
382 2165 498 2244 (Perta,
521 2163 726 2235 Monumenta‚
757 2163 939 2242 Scriptorum
960 2165 1045 2224 Tom.
1068 2165 1132 2238 IX,
1157 2167 1337 2245 608-613)
1361 2169 1529 2228 narratione

280 2251 381 2328 paullo
398 2250 591 2310 contractiore
613 2270 680 2308 ann.
700 2251 917 2308 1114-1139,
984 2250 1026 2329 8.)
1050 2250 1213 2310 401-431,
1259 2251 1448 2313 Continuatio
1463 2274 1529 2333 qum

280 2336 388 2394 dicitur
418 2333 766 2411 Claustroueoburgensis
806 2334 937 2394 secunda
973 2334 1134 2394 Annalium
1167 2336 1382 2398 Mollicensium
1418 2338 1527 2416 (Perta.

279 2423 411 2480 Menum.
435 2422 540 2500 Script.
563 2420 648 2478 Τοιιι.
671 2421 728 2490 IX,
753 2416 935 2502 614-624)
959 2441 1051 2478 annos
1077 2423 1298 2482 1142-1224
1321 2424 1527 2502 complectens,

280 2508 429 2566 variarum
452 2527 592 2565 manuum
614 2505 821 2564 additamentis
843 2506 1038 2584 locupletata,
1068 2527 1133 2586 qua
1155 2528 1214 2565 non
1236 2509 1335 2566 omnia
1356 2509 1435 2588 apud
1456 2509 1526 2569 Per-

279 2595 370 2652 tzium
386 2592 584 2651 inveniuntur.
638 2591 679 2670 9.)
696 2591 856 2649 tab—45².
902 2591 1072 2651 Eorundem
1086 2593 1237 2652 annalium
1252 2593 1441 2652 Continuatio
1458 2616 1524 2674 quaa

279 2679 387 2738 dicitur
408 2677 656 2736 Sancruccnaisl
686 2675 785 2754 (Perta
807 2676 1065 2756 1.(ι.626-628)
1089 2698 1156 2736 ann.
1176 2681 1393 2738 1225-1233.
1462 2682 1524 2760 10.)

279 2763 442 2824 451--491
493 2761 680 2822 Continuatio
703 2781 769 2841 quac
791 2762 897 2822 dicitur
919 2762 1130 2822 Sancruccusis
1151 2764 1184 2822 Π
1208 2764 1306 2841 (Perta
1328 2764 1349 2822 l.
1372 2785 1396 2840 c.
1421 2767 1525 2824 637-

280 2851 354 2929 646)
388 2847 596 2908 additamentis
624 2868 641 2906 e
674 2845 901 2906 Continuatione
922 2848 1151 2906 Praedicatorum
1173 2850 1445 2912 Vindobouensium
1475 2851 1524 2912 de·

279 2937 417 3014 sumptis,
440 2955 495 2994 nec
517 2954 577 2992 non
598 2932 774 3012 quibusdam
796 2933 861 2992 aliis
884 2933 1082 3011 locupletata,
1105 2934 1303 3012 complectens
1324 2956 1417 2996 annoa
1443 2939 1525 2998 1234

279 3023 413 3078 -1266,
497 3019 558 3098 11.)
589 3017 752 3078 491-661.
806 3018 968 3076 Annalium
989 3019 1204 3080 Mellicensium
1236 3020 1425 3080 continuatio
1458 3044 1524 3101 quaa

278 3106 385 3166 dicitur
406 3104 664 3176 vindobonensis,
687 3123 779 3162 annos
806 3105 1014 3164 1267-1308
1038 3105 1234 3182 complectens
1257 3105 1396 3183 (Pertcl.
1413 3128 1437 3164 c.
1462 3110 1522 3167 702

278 3227 319 3236 —
323 3192 406 3270 722).
449 3191 517 3250 Hae
532 3149 682 3248 annaliuln
697 3197 795 3268 partes
811 3205 912 3250 omnes
935 3189 1025 3248 variis
1048 3208 1115 3248 accc.
1130 3189 1220 3247 XIII.
1243 3191 1379 3252 manibus
1395 3202 1523 3254 exarata

277 3286 353 3336 aunt.
421 3275 482 3355 12.)
507 3277 568 3334 641.
612 3275 748 3334 Narratio
777 3273 814 3336 dc
846 3273 970 3334 mirifica
991 3275 1141 3334 curatione
1163 3273 1271 3334 medici
1293 3276 1444 3354 cujusdam
1466 3278 1522 3336 Pa·

276 3363 367 3433 risini‚
390 3361 566 3440 germanice,
590 3360 649 3418 alia
663 3379 752 3420 manu
767 3380 832 3420 aare.
848 3359 926 3420 XIV
948 3359 1065 3438 scripta.
1109 3361 1217 3439 Incip.:
1235 3351 1311 3422 ‘Daa
1333 3363 1412 3420 istv
1392 3362 1522 3440 gescben

276 3448 344 3506 data
366 3447 471 3550 Parys.
504 3447 564 3504 Eiu
585 3446 691 3506 Artaat
722 3445 771 3522 gie
800 3445 847 3506 fur
867 3445 927 3504 Ein
949 3444 1023 3502 hors
1052 3443 1092 3505 da
1113 3465 1187 3523 sang
1208 3445 1267 3506 Eia
1289 3445 1446 3510 Cbind...

276 3533 400 3612 explic:
417 3525 469 3591 ‘da
488 3533 537 3610 gie
560 3551 592 3590 cr
613 3531 677 3590 nibt
698 3529 786 3607 lange
808 3531 883 3590 Iane
905 3529 968 3588 vnd
989 3529 1095 3590 Stnrb.
1162 3531 1223 3610 13.)
1248 3532 1412 3592 60-681.
1435 3555 1473 3593 ιιι.
1496 3555 1519 3594 a.

274 3618 365 3677 XIH.
393 3617 586 3694 Privilcgium
602 3637 620 3674 a
633 3615 784 3676 I'riderico
804 3617 836 3674 ΙΙ
858 3617 1039 3694 Imperatore
1061 3613 1127 3675 urbi
1141 3616 1326 3678 Vindobona
1348 3637 1520 3680 concessum

275 3703 351 3762 dd.
378 3703 495 3763 1.Julii
520 3703 609 3760 1244.
653 3701 766 3780 Incip.:
783 3692 899 3760 ‘Gloria
920 3701 1103 3779 principum!
1166 3702 1233 3802 14.)
1257 3702 1418 3762 tab—69¹.
1441 3726 1518 3764 ma

272 3789 363 3848 XIII.
406 3789 568 3849 Annotatio
590 3787 683 3846 latina
705 3785 742 3844 de
764 3785 917 3864 vectigali,
943 3785 1021 3865 quod
1043 3785 1150 3844 dicitur
1166 3777 1379 3864 ’Βιιιςιιιιιιιι1ιζ
1403 3791 1518 3848 Vindo-

273 3875 356 3934 bonoe
387 3873 536 3934 solvendo.
582 3873 692 3950 Incip.:
717 3861 797 3932 ‘Hec
826 3879 870 3931 est
902 3871 996 3929 forma
1016 3871 1100 3930 Mate
1130 3891 1187 3950 que
1216 3872 1391 3950 purcbmuut
1413 3875 1520 3935 dicitur

273 3959 466 4020 obseruanda.
510 3959 657 4018 Mercator
678 3956 715 4018 de
737 3957 834 4035 patria
855 3955 954 4015 aliena
976 3956 1185 4036 cuiuscumque
1207 3959 1245 4016 sit
1267 3959 1501 4022 conditionis...

274 4055 304 4104 et
325 4045 448 4123 explic:
473 4035 516 4104 ‘et
547 4043 660 4102 denarii
688 4043 727 4102 ad
750 4041 946 4102 Stechenreht
973 4042 1016 4099 xii
1038 4041 1193 4101 denarios)
1260 4047 1321 4120 15.)
1346 4045 1409 4104 691.
1432 4067 1470 4106 m.
1494 4067 1517 4106 a.

272 4131 362 4190 XIII.
385 4131 516 4232 Incip.:
541 4119 643 4188 ‘Ditze
664 4128 703 4186 ist
731 4127 784 4186 dor
805 4129 937 4186 wienner
958 4126 1024 4186 reht
1044 4147 1103 4187 von
1126 4127 1179 4187 der
1199 4148 1304 4206 wagan
1326 4132 1425 4191 mant!
1469 4132 1517 4190 In

272 4217 357 4296 cipit:
385 4207 471 4275 ‘Vert
494 4216 541 4274 ein
563 4233 632 4274 man
660 4213 713 4272 mit
735 4214 831 4272 ciuem
854 4211 1056 4290 Cuntzwagen
1076 4233 1173 4291 gagen
1195 4213 1319 4276 bechem
1340 4215 1394 4274 mit
1414 4215 1517 4277 biuten

271 4301 343 4360 oder
369 4303 423 4360 mit
451 4301 582 4360 visclreu
616 4307 646 4358 et
678 4299 800 4377 explic:
826 4289 1066 4397 ‘Regenspurger
1095 4299 1167 4358 oder
1188 4297 1379 4378 Saltzpurger
1408 4301 1518 4378 gebent

269 4387 331 4446 nah
353 4396 435 4465 geste
457 4387 540 4446 rebte
562 4405 622 4444 von
644 4384 710 4444 dem
726 4393 832 4444 centon
846 4385 975 4463 pleys'
949 4403 997 4444 ern
1012 4383 1201 4462 phenninch.'
1268 4386 1329 4465 16.)
1354 4386 1515 4446 691-70“.

264 4464 345 4530 Hac
375 4482 419 4532 eat
446 4473 540 4532 forma
560 4470 756 4530 Institutionis
787 4487 845 4550 quc
877 4470 909 4528 fit
942 4489 996 4547 per
1019 4467 1137 4526 Cinium
1164 4468 1316 4528 arbitrium
1345 4473 1514 4532 annuatim.¹

268 4558 335 4616 Lex
358 4557 394 4617 de
416 4558 573 4636 disciplina
594 4555 767 4616 mercatoria
789 4575 854 4613 cccc.
877 4553 967 4613 XIII.
1004 4553 1135 4632 Explica
1161 4545 1212 4613 ‘ad
1226 4555 1438 4616 informationis
1454 4579 1515 4617 cor·

269 4639 428 4702 rectionem
457 4643 564 4704 ciuium
597 4641 804 4719 premissorum
835 4639 1040 4698 reformabitur
1073 4640 1196 4698 iterato)
1263 4640 1325 4721 17.)
1356 4645 1514 4704 701-71·.

268 4728 461 4806 Privileginm
491 4749 510 4787 a
537 4727 688 4786 Friderico
711 4725 743 4784 11
772 4724 885 4784 civibus
907 4724 1187 4784 Vindobouensibus
1216 4745 1387 4788 concessum
1412 4749 1514 4790 meuse

269 4814 366 4892 Aprili
390 4815 480 4874 1237.
525 4813 634 4891 Incip.:
657 4803 830 4890 ‘Imperium
863 4809 901 4870 ad
929 4811 1084 4869 tuitionem
1112 4809 1201 4869 fidei’
1268 4812 1330 4891 18.)
1354 4815 1512 4876 70·«-71·.

1313 4915 1361 4976 4*
