3709 5734
166 830 295 886 ΧΠ.27.
318 830 489 902 Fragmenta
510 828 716 899 hymuiinB.
738 828 777 881 u.
800 827 835 883 V.
880 870 888 883 .
946 866 952 881 .
1010 864 1018 880 .
1073 868 1080 882 .
1137 866 1145 879 .
1202 870 1208 881 .
1266 867 1272 879 .
1399 828 1493 885 2513.

165 946 210 956 -
255 915 471 987 -Sequentia
492 922 624 969 neumata
645 915 674 967 in
697 913 726 970 S.
750 912 969 984 Margaretham‚
992 929 1066 968 saec.
1089 912 1157 967 Xll.
1200 949 1209 966 .
1267 954 1272 969 .
1400 914 1493 969 2846.

165 1030 208 1043 -
252 1031 294 1041 -
317 1002 435 1057 Cantica
456 1000 492 1054 de
513 1008 689 1054 sacramento
712 1000 899 1055 eucharistiae
949 1034 1275 1053 ......
1348 1000 1439 1067 2746,
1464 1000 1492 1055 3.

166 1118 207 1129 -
252 1118 293 1127 -
317 1088 435 1143 Cantica
455 1086 587 1156 liturgica
609 1103 670 1139 eum
694 1087 803 1140 neumis
821 1120 1276 1141 ........
1347 1084 1440 1151 2358,
1465 1086 1492 1139 5.

165 1200 207 1211 -
252 1202 293 1212 -
316 1173 462 1244 Expositio
485 1172 582 1241 hymni
605 1171 725 1225 urriani
745 1154 934 1241 ‘agerent’
957 1188 1045 1241 germ.
1075 1210 1081 1221 .
1139 1208 1147 1222 .
1177 1168 1269 1235 0000,
1294 1169 1321 1223 u.
1348 1171 1441 1237 eone,
1465 1172 1493 1225 5.

166 1288 208 1297 -
254 1287 293 1296 -
316 1258 492 1313 Breviarium
1401 1257 1493 1311 2007.

168 1377 206 1387 -
253 1372 293 1382 -
317 1344 491 1399 Breriarium
514 1342 696 1397 monasticum
720 1359 782 1396 oum
806 1342 967 1397 calendario
1013 1378 1021 1393 .
1075 1380 1082 1395 .
1113 1341 1206 1394 2016.
1231 1342 1323 1395 2029.
1348 1341 1439 1410 2033,
1465 1342 1493 1397 2.

165 1456 210 1468 -
252 1458 295 1467 —
317 1430 492 1493 Breviarium
515 1428 739 1498 Benedieunum,
762 1430 931 1499 germaniae,
955 1444 1018 1480 oum
1040 1426 1201 1481 calendario
1268 1466 1273 1477 .
1400 1428 1493 1481 2972.

165 1542 209 1552 -
251 1544 295 1553 -
319 1515 492 1569 Breviarium
513 1531 577 1568 eum
599 1513 761 1568 calendario
782 1515 812 1567 in
827 1532 907 1568 usum
923 1512 1089 1568 Carthasiae
1105 1512 1280 1567 Arbaeeusls
1400 1513 1493 1569 2002.

165 1628 208 1639 -
252 1630 295 1639 -
317 1600 491 1655 Breviarium
525 1618 588 1653 eum
616 1598 827 1669 precationibus
857 1600 886 1653 in
916 1616 997 1653 usum
1028 1598 1195 1653 Carthusiae
1226 1599 1280 1651 Ax·

342 1686 472 1740 baeensis
499 1720 1277 1739 .............
1349 1683 1441 1751 2001,
1466 1682 1493 1737 2.

165 1798 209 1809 -·-
253 1800 294 1809 -
316 1770 491 1825 Breviorium
513 1769 698 1825 monasticum
720 1770 786 1824 olim
810 1768 1051 1825 Canthusiensium
1074 1770 1104 1823 in
1128 1768 1244 1839 Arpaolr
1283 1768 1375 1823 2020.
1401 1770 1493 1825 2030.

169 1890 207 1899 --
254 1884 296 1894 -
319 1857 493 1911 Breviorium
514 1855 727 1909 Lunaelaeense
757 1892 1212 1911 ........
1285 1856 1377 1909 2011.
1402 1854 1493 1909 2013.

168 1973 206 1983 -
251 1972 295 1980 -
318 1942 454 1996 Breviarii
477 1941 695 1995 Lunaelaeensis
717 1958 784 2011 pars
805 1941 947 1995 aestivalis
971 1946 999 1994 et
1021 1940 1212 1995 autumnalis.
1269 1981 1276 1995 .
1402 1942 1495 1996 2003.

167 2057 208 2065 -
255 2058 294 2065 —
318 2028 493 2081 Breviarium
516 2044 580 2081 eum
602 2025 779 2095 calendario,
808 2027 947 2094 diurnali,
975 2026 1109 2097 psalterio
1132 2033 1160 2079 et
1181 2024 1283 2079 oilie-iis

342 2120 514 2167 mortuorum
536 2113 572 2166 ad
595 2128 676 2164 usum
698 2112 861 2167 monasterii
884 2113 918 2166 B·
941 2112 979 2166 M.
1001 2111 1035 2166 V.
1059 2111 1282 2166 Goeleetinorum

342 2199 542 2254 Parisiensium
562 2234 1274 2251 ............
1401 2198 1494 2251 2019.

164 2312 209 2324 -—
253 2313 294 2321 —
317 2284 388 2338 Pars
410 2284 540 2338 breviarii
569 2282 717 2337 monastici
738 2299 848 2338 menses
871 2283 953 2351 Non,
976 2282 1045 2337 Deo.
1070 2290 1098 2337 et
1119 2282 1184 2338 Jan.
1208 2298 1281 2336 eom·

343 2370 470 2441 plectens
498 2404 1274 2425 .............
1401 2368 1495 2422 2022.

165 2484 211 2495 -
254 2485 297 2494 -
318 2455 489 2527 Fragmenta
511 2453 644 2509 breviarii
669 2470 743 2507 eaeo.
766 2453 832 2507 XII.
883 2494 890 2507 .
948 2492 955 2507 .
1011 2492 1017 2507 .
1074 2489 1083 2505 .
1140 2492 1146 2506 .
1168 2453 1261 2507 2901.
1285 2452 1376 2508 3023.
1402 2454 1494 2507 3211.

165 2570 212 2581 —-
253 2570 295 2581 -
319 2542 490 2612 Fragmenta
510 2538 643 2594 breviarii
665 2556 740 2594 seeo.
763 2538 836 2593 ΧΙΠ
839 2576 1274 2593 ........
1383 2533 1494 2592 3220*.

165 2659 210 2669 -
252 2656 295 2666 -
316 2628 491 2681 Breviarium
523 2626 708 2680 monasticum
740 2625 770 2679 in
797 2642 878 2679 usum
912 2624 1057 2679 cuiusdam
1090 2624 1281 2697 pontonaria,

343 2729 429 2784 germ.

166 2824 209 2834 -
255 2826 294 2834 —
318 2797 519 2868 Fragmentum
540 2796 673 2850 breviarii
695 2794 848 2866 germanici
882 2832 1273 2850 .......
1399 2795 1492 2850 2633.

166 2910 208 2919 -
253 2912 294 2923 -
318 2882 411 2938 Series
432 2882 613 2937 eolleetarum
635 2882 672 2936 ‹le
692 2888 819 2951 tempore
841 2888 871 2936 et
892 2881 928 2935 sle
951 2880 1056 2935 sanetis
1078 2880 1106 2933 in
1129 2896 1210 2933 usum
1226 2898 1282 2935 mo·

347 2967 463 3022 nestorii
485 2966 518 3021 B.
541 2966 579 3021 M.
602 2966 631 3019 in
653 2966 772 3037 Axpaeh
821 3002 1276 3020 ........
1402 2966 1494 3019 2012.

166 3080 210 3089 -
256 3083 294 3091 —
319 3054 456 3107 Diurnale
477 3052 663 3107 monasticum
692 3087 1272 3107 ..........
1400 3052 1493 3105 2017.

166 3165 212 3174 -
254 3166 295 3176 -
318 3138 455 3193 Diurnale
476 3137 661 3193 monasticum
683 3137 713 3191 in
735 3154 816 3191 usum
835 3136 997 3190 monasterii
1013 3136 1049 3189 ud
1065 3134 1093 3190 3.
1109 3135 1281 3190 Dorotheum

344 3224 472 3278 Viennae
502 3260 1274 3277 .............
1384 3212 1493 3275 2033*.

168 3336 213 3346 -
256 3338 296 3347 -
321 3309 458 3363 Diurnale
487 3307 672 3362 monasticum
700 3309 729 3362 in
757 3326 839 3362 usum
872 3306 1072 3361 monachorum
1101 3304 1281 3361 carthusien·

344 3396 415 3448 sium
436 3394 466 3448 in
489 3393 607 3464 Axpaolr
629 3430 1274 3448 ...........
1401 3390 1493 3445 2037.

171 3513 209 3523 -
255 3511 297 3520 -
319 3480 455 3534 Diurnale
476 3482 506 3533 in
528 3497 610 3533 usum
632 3480 795 3534 monasterii
816 3477 1036 3533 Lunaelaoensia
1064 3478 1198 3549 seriptum
1286 3476 1377 3531 2024.
1402 3478 1494 3531 2033.

167 3594 212 3604 -
256 3592 298 3603 -
320 3566 457 3620 Diurnale
478 3566 666 3621 monasticum
686 3564 899 3620 Lunaelaeeuse
921 3581 984 3617 eum
1009 3564 1168 3619 calendario
1205 3605 1211 3615 .
1269 3600 1276 3614 .
1401 3564 1494 3618 2023.

167 3680 212 3688 -
257 3681 293 3690 -
318 3650 456 3705 Diurnals
476 3652 671 3719 monasticum,
696 3650 812 3721 praevio
834 3648 929 3704 officio
952 3650 985 3703 B.
1009 3650 1047 3703 M.
1070 3650 1106 3704 V.
1129 3648 1282 3704 seeundum

344 3737 576 3791 consuetudinem
598 3737 761 3790 monasterii
784 3735 964 3791 Sublacensis
1014 3772 1277 3789 .....
1402 3734 1495 3788 2031.

169 3850 212 3857 -
256 3850 296 3858 -
319 3822 446 3877 Libellus
462 3822 600 3877 diurnalis
614 3822 767 3876 seeundum
782 3823 866 3875 ritum
881 3822 1039 3876 atmodum
1055 3818 1283 3888 [0000010οΡ00-

344 3907 511 3975 savieneis‘l]
566 3942 1276 3962 ............
1386 3898 1496 3959 2033*.

171 4018 211 4029 -
254 4021 297 4031 —
319 3990 452 4048 Offioium
474 3994 604 4047 diurnum
625 3992 656 4045 in
677 4008 759 4047 usum
786 3992 948 4047 monialium
976 3993 1012 4045 ad
1034 3991 1064 4047 3.
1087 3991 1284 4063 Magdalenam

344 4078 474 4133 Viennae
501 4115 1019 4131 .........
1028 4066 1031 4073 ’
1074 4112 1082 4128 .
1141 4118 1146 4130 .
1204 4118 1210 4129 .
1267 4110 1276 4128 .
1402 4076 1496 4129 2035.

170 4190 212 4199 -·-
255 4192 297 4201 -
319 4163 470 4219 Horatium
503 4197 1277 4217 .............
1404 4162 1497 4215 2010.

170 4276 212 4285 -
256 4277 298 4286 —
322 4249 474 4304 Horarium
496 4264 560 4303 eum
581 4246 791 4319 precationibus
823 4284 1278 4301 ........
1404 4248 1497 4301 2000.

169 4362 213 4371 -
257 4362 299 4372 -
322 4334 483 4400 Horatium,
505 4334 621 4404 praevio
643 4332 832 4388 ealendario.
887 4373 894 4386 .
952 4370 959 4387 .
1016 4372 1022 4386 .
1079 4368 1087 4385 .
1143 4330 1263 4386 ,2003
1287 4330 1380 4387 2004.
1405 4332 1497 4387 2026.

169 4446 212 4456 -
257 4446 299 4457 -
320 4419 391 4474 Pars
413 4419 527 4474 Horarii
549 4436 613 4473 eum
635 4419 797 4473 calendario
824 4456 1278 4471 ........
1406 4418 1497 4472 2036.

170 4532 212 4543 *—
256 4532 298 4541 -
320 4505 471 4560 Horatium
493 4522 557 4559 eum
578 4504 739 4560 calendario
761 4505 791 4557 in
813 4521 894 4557 usum
916 4502 1156 4559 Carthusieusium
1179 4503 1209 4557 in
1230 4503 1285 4557 Ax·

346 4590 420 4661 paoli
442 4624 1278 4645 ..............
1406 4590 1499 4643 2021.

169 4703 215 4715 -
258 4703 300 4713 —
322 4675 473 4731 Horatium
488 4692 552 4730 eum
574 4675 736 4731 calendario
757 4675 787 4728 in
810 4692 891 4729 usum
913 4674 1077 4730 monasterii
1093 4672 1288 4729 Gemnieensis
1407 4674 1500 4728 2027.

170 4790 215 4800 —-
259 4788 300 4799 -
322 4761 472 4816 Horarium
494 4780 559 4815 eum
581 4760 752 4833 ealendario,
775 4768 807 4815 ut
828 4760 939 4815 ridetur
962 4762 1100 4816 dioecesis
1122 4760 1289 4814 Rhomensir
1407 4760 1500 4813 2032.
1576 4766 1580 4772 “

171 4874 215 4886 —-
257 4874 299 4884 -
322 4847 473 4903 Horatium
495 4847 618 4902 dialecto
640 4845 810 4902 Germaniae
830 4846 972 4902 inferioris
994 4848 1211 4915 conseriptum.
1268 4884 1275 4898 .
1409 4847 1501 4899 2734.

223 4959 259 5011 11.
1256 4942 1295 4998 23
