3709 5734
229 583 309 638 ιιιι
815 577 882 646 tos

292 768 402 847 Incip.:
428 759 677 828 ‘Serenissime..
692 767 916 826 .Sublimitatis
939 775 1038 825 vestre
1060 767 1220 828 literas...
1225 758 1405 845 'llxpls
1407 769 1438 828 in
1460 790 1517 830 sua

291 855 436 932 patientia
450 854 620 912 nullatenus
635 843 821 914 relicturum?
847 853 909 929 87.)
929 852 1017 912 1481.
1037 852 1193 912 «lohannes
1210 815 1364 913 Saleatius
1379 855 1515 914 Visconti

294 939 354 998 dux
381 939 551 1010 Mediolani,
575 939 695 998 Litteras
718 939 827 1040 quibus
849 939 1000 998 Bonificio
1022 937 1071 995 IX
1093 957 1178 1016 papae
1199 951 1323 997 mortem
1346 942 1460 999 comitis
1476 942 1515 1000 de

292 1026 468 1127 Armaguac
489 1025 630 1084 notificat.
675 1024 789 1102 Incip.:
820 1015 1026 1082 ‘Sanctissime
1054 1033 1140 1101 pater
1166 1044 1185 1081 ι
1207 1027 1319 1084 eunctis
1341 1026 1516 1086 mortalibus

294 1111 454 1172 merito...
460 1100 626 1190 '.Expl:‘
629 1110 690 1168 suis
712 1109 849 1168 fidelibus
864 1109 1034 1186 gloriosum.
1058 1109 1169 1167 Datum
1180 1102 1288 1188 Papia?
1312 1108 1515 1211 88.)1481-

294 1195 381 1256 1491.
415 1196 534 1254 Littera
557 1195 664 1275 quibus
687 1193 854 1274 respublica
876 1195 1051 1253 Florentius
1071 1195 1224 1253 Bonifatio
1247 1195 1296 1253 IX
1317 1216 1402 1276 papas
1422 1198 1517 1256 victo·

292 1283 365 1340 riam
388 1292 490 1340 contra
503 1282 524 1340 J
528 1281 673 1340 ohannem
691 1278 859 1339 Galeatium
875 1281 1010 1343 Viscouti
1025 1280 1187 1339 Mediolani
1203 1282 1308 1339 ducem
1326 1284 1406 1340 1391
1419 1281 1516 1341 notifi-

294 1379 351 1427 cat.
376 1367 484 1446 Incip.:
495 1359 668 1426 ‘Audiuerit
680 1375 712 1424 ut
723 1366 881 1424 arbitratur
894 1375 995 1424 nostra
1006 1357 1179 1426 deuotio...'
1195 1358 1321 1444 Expl..‘
1325 1367 1517 1428 susecclesio

293 1471 479 1514 conseruare.
508 1451 617 1511 Datum
642 1441 707 1514 etc.'
752 1453 814 1526 89.)
833 1452 955 1509 1491-
964 1453 1047 1509 1501.
1069 1452 1198 1521 Littera,
1222 1453 1329 1532 quihus
1344 1453 1517 1532 respublica

293 1537 466 1596 Florentius
493 1538 560 1596 duci
588 1538 780 1598 Venetiarum
814 1537 938 1596 eandem
971 1538 1123 1595 victoriam
1153 1549 1252 1596 notam
1280 1539 1358 1599 facit.
1402 1539 1516 1617 Incip.:

286 1613 503 1700 ‘Magnificam
529 1623 674 1697 Quoniam
687 1633 719 1681 ut
730 1641 878 1682 sacrarum
892 1612 1049 1698 legum...'
1073 1623 1178 1700 Expl:
1199 1612 1345 1683 ‘obtinere
1358 1643 1515 1702 possumus

293 1717 458 1786 exoptatur.
474 1699 598 1769 Datum?
623 1710 672 1766 90.
676 1713 685 1783 )
696 1710 816 1766 1501-
826 1708 913 1768 1501.
927 1708 1072 1766 Collatiae
1086 1709 1200 1766 Pierius
1212 1709 1364 1768 Salutatus
1365 1710 1518 1789 ‚Epistola

293 1795 330 1852 ad
353 1793 534 1854 Ubaldinum
557 1797 684 1872 priorem
708 1793 738 1852 S
764 1793 925 1871 Stephani,
960 1813 1027 1893 qua
1042 1795 1256 1896 panegyr-icum
1280 1807 1310 1854 et
1332 1795 1515 1874 epitaphium

293 1879 330 1937 de
348 1881 559 1957 jurisconsulto
583 1880 666 1958 Lapo
689 1879 727 1939 de
750 1879 931 1938 Castellione
953 1881 1051 1937 mittit.
1076 1879 1187 1957 Incip.:
1206 1871 1273 1939 ‘Vir
1292 1879 1509 1944 venerabilis..

293 1964 360 2022 Non
383 1985 499 2066 possem
523 1968 750 2044 exprimere...
754 1956 934 2043 ’21⁴3pr
938 1985 987 2023 me
1009 1964 1128 2024 domino
1150 1977 1252 2024 nostro
1274 1966 1448 2045 suppliciter
1468 1986 1517 2026 re·

293 2041 482 2112 emerenda?
528 2047 593 2132 91.)
612 2053 698 2110 1501.
724 2050 934 2128 lragmontum
957 2051 1121 2109 litterarum
1144 2051 1314 2128 reipublice
1335 2051 1517 2111 Florentinis

293 2135 331 2195 ad
355 2137 564 2196 bononienses.
588 2137 650 2211 92.)
677 2139 757 2196 1511.
780 2137 925 2195 Ricardus
942 2137 979 2194 de
995 2136 1132 2202 Saliceto,
1157 2135 1367 2211 Fragmentum
1382 2137 1516 2217 epistolas

294 2221 331 2280 ad
355 2220 532 2299 Gregorium
553 2222 600 2281 XI
634 2243 758 2302 papam,
792 2241 851 2302 qua
878 2221 1021 2280 tumultus
1047 2222 1279 2280 Bononiensium
1306 2233 1407 2281 narrat
1434 2223 1463 2285 d.
1486 2223 1516 2284 d.

277 2309 324 2368 ¹7.
347 2307 431 2366 Junii
457 2309 548 2369 1376.
594 2309 657 2382 93.)
689 2307 904 2366 1511-1511.
938 2308 1061 2367 Litterae
1086 2307 1254 2385 respublica
1275 2307 1455 2368 llorentrnss
1477 2307 1517 2368 ad

295 2412 394 2470 regem
411 2392 549 2452 Carolum
561 2393 688 2472 Apulia.
712 2393 821 2471 Incip.:
830 2384 1074 2454 Consueuerunt
1088 2393 1215 2469 majores
1230 2394 1358 2455 nostri..
1373 2385 1517 2473 .’.Ειιιι1.

180 2515 184 2520 -
291 2470 422 2538 ‘honoris
446 2489 538 2538 totum
561 2480 701 2558 populum
725 2480 922 2540 florentinum.
960 2481 1071 2538 Datum
1092 2479 1227 2536 florentie
1249 2479 1340 2540 XXl.
1375 2479 1515 2557 JanuariJ'

297 2555 396 2622 1382?
431 2561 496 2648 94.)
522 2565 742 2624 1521-1521,
765 2565 993 2635 Demosthenes,
1016 2564 1228 2639 Fragmentum
1251 2565 1392 2624 orationis
1414 2573 1519 2624 contra

293 2649 475 2708 Aeschinem
499 2651 644 2710 latinitate
666 2651 782 2709 donata
805 2661 834 2709 ιιι
856 2653 996 2729 episcopo
1020 2648 1211 2710 Crcnrouensi
1235 2649 1379 2710 dedicatae
1401 2670 1420 2710 a
1440 2649 1517 2710 Leo-

294 2735 387 2794 nardo
410 2735 509 2793 Bruno
531 2737 663 2795 Aretino
702 2737 774 2794 153·
797 2749 891 2795 vacat.
927 2739 989 2810 95.)
1004 2735 1090 2794 1531.
1114 2736 1235 2794 Littera
1256 2736 1426 2814 reipublice
1448 2736 1517 2796 Flo·

294 2822 426 2892 rentium,
442 2821 548 2901 quibus
564 2822 718 2880 Nicolaum
735 2822 773 2880 de
789 2821 972 2881 Ohierecatia
988 2831 1140 2922 pretorem
1156 2821 1384 2882 recommendat.
1406 2822 1517 2901 Incip..

290 2896 487 2988 Quamquam
501 2907 605 2977 abhis
623 2909 671 2986 qui
688 2896 1424 3010 reipublicae...’Expl·sursvtttssatraiactum
1440 2926 1517 2969 esse.

294 2991 452 3052 Florentiae
469 2995 517 3054 13
534 2993 692 3051 Novembr.
709 2984 806 3054 1444?
842 2993 1041 3070 96.)1541--
1002 2991 1134 3049 -1581,
1161 2992 1208 3049 De
1223 3001 1286 3050 arte
1304 2991 1472 3070 rhythmica
1486 3000 1519 3052 et

295 3079 418 3137 metrica
440 3079 626 3181 interspersis
649 3080 843 3156 poematibus.
878 3078 988 3155 lncip..
1007 3067 1166 3137 Versuum
1191 3077 1241 3134 alii
1263 3089 1332 3136 sunt
1353 3097 1518 3136 consonan-

295 3155 401 3226 tes...'
425 3157 556 3242 11ιιιι1.;ί
560 3174 590 3222 et
605 3184 664 3222 non
680 3165 717 3223 ati
733 3165 909 3223 rithrmrcem
924 3153 1036 3226 artem
1060 3163 1124 3238 97.)
1140 3164 1259 3220 1591-
1269 3162 1355 3221 1591.
1369 3160 1519 3238 Quattuor

296 3250 427 3308 carmina
456 3250 555 3309 italica
576 3253 693 3354 generis
713 3241 842 3309 ‘sonetti'
868 3251 976 3311 vocati.
1013 3249 1121 3325 Incip.:
1152 3239 1222 3306 ‘Chi
1245 3267 1303 3306 non
1326 3269 1343 3307 c
1364 3267 1480 3310 nouo..

295 3333 401 3413 Exph:
416 3325 494 3394 ‘ede
509 3336 539 3394 la
554 3328 647 3396 terra?
672 3337 734 3410 98.)
750 3337 870 3394 1601-
879 3335 966 3395 1641.
989 3333 1264 3411 Basiliushlagnus
1278 3295 1518 3393 Oratioadado·

295 3419 440 3480 lescentcs
463 3422 501 3480 dc
523 3421 658 3498 legendis
681 3422 867 3500 antiquorum
889 3420 981 3489 libris,
1004 3441 1092 3499 qnam
1115 3419 1288 3478 Leonurdus
1309 3420 1427 3478 Bruuus
1441 3419 1518 3478 Are·

294 3505 374 3564 tinus
397 3507 605 3586 interpretatus
628 3516 673 3564 est
695 3517 725 3565 et
747 3505 879 3565 Collucio
903 3505 1001 3563 Pierio
1024 3505 1158 3564 Salutate
1181 3505 1338 3564 dedicavit.
1363 3505 1425 3580 99.)
1443 3507 1520 3563 1651

293 3593 427 3653 -1671,
451 3593 623 3652 Leonardus
640 3593 756 3650 Brunus
771 3593 922 3663 Aretinus,
948 3589 1051 3649 Oratio
1074 3591 1257 3669 imperatoris
1280 3590 1459 3668 Heliogabal
1479 3588 1519 3650 ad

294 3676 417 3738 aulicos.
458 3678 540 3755 100.)
566 3679 687 3736 1671-
699 3679 782 3736 1681.
806 3676 964 3755 Philippus
986 3677 1080 3735 Maria
1104 3677 1184 3735 Vise(
1185 3678 1237 3734 ιιιιί
1260 3675 1422 3735 Mediolani
1445 3675 1518 3748 dux,

295 3761 417 3822 Litteris
439 3764 476 3823 ad
499 3783 640 3866 generum
664 3763 853 3822 Franciscum
877 3763 1019 3823 Sforzam.
1043 3763 1150 3840 Incip.:
1168 3754 1283 3821 Multis
1305 3761 1518 3821 efficacissimis

295 3827 514 3911 rationibus...
520 3841 664 3928 '.:Expl
681 3839 793 3908 libens
815 3849 954 3926 amplecti
976 3849 1178 3928 perficereque
1200 3848 1331 3908 deberet.
1353 3846 1517 3924 Mediolanj

296 3933 346 3992 die
367 3934 481 3994 decimo
503 3935 641 4011 Januarij
659 3925 757 3996 1440.
791 3934 976 3994 1681ιιιιι.
1013 3935 1095 4012 101.)
1112 3935 1184 3992 1691
1195 3933 1325 3993 -1.761
1342 3932 1384 3994 Μ.
1398 3933 1518 3992 Tullius

296 4017 420 4090 Cicero,
445 4021 588 4099 Epistulae
610 4020 737 4079 diversae
758 4020 796 4079 ad
819 4020 979 4078 Familiares
1002 4021 1163 4097 praesertim
1187 4019 1225 4077 ad
1247 4017 1391 4077 Plancum
1414 4019 1518 4097 ntique

294 4114 324 4164 et
346 4065 433 4166 buiris
456 4125 606 4185 responsa.
643 4108 717 4164 177·
728 4115 822 4165 vacat.
850 4105 1068 4204 102.)1771-
1080 4105 1166 4163 1781.
1191 4105 1301 4163 Potina
1324 4103 1455 4162 italicum
1478 4103 1517 4162 de

296 4191 454 4251 virtutihus
476 4193 624 4250 variorum
647 4193 802 4250 frffuctuum
825 4190 938 4268 Incip..
953 4181 1009 4248 Al
1030 4209 1119 4248 nome
1141 4189 1179 4249 de
1201 4190 1259 4248 dio.
1282 4208 1378 4248 amau.
1404 4187 1518 4262 Queste

297 4297 369 4335 sono
392 4278 420 4336 le
436 4287 521 4336 ventu
544 4277 582 4336 de
597 4278 626 4336 le
640 4279 734 4335 fructa
757 4277 812 4334 che
828 4296 860 4335 se
875 4277 984 4334 lodano
1006 4275 1120 4334 luna'
1092 4295 1143 4353 ιιιιι
1166 4275 1222 4334 che
1236 4275 1331 4336 laltra.
1355 4273 1414 4332 Del
1423 4272 1518 4377 ligho.

294 4362 329 4419 lo
352 4383 413 4421 som
437 4363 493 4422 fico
507 4373 577 4421 nato
594 4365 623 4422 in
640 4353 837 4441 paradiso...‘
862 4362 964 4440 Expl..
981 4354 1130 4419 ‘edentro
1147 4360 1252 4419 bianca
1266 4380 1284 4419 e
1298 4361 1332 4419 Io
1348 4379 1410 4418 som
1426 4351 1517 4437 gilla'

175 4495 181 4502 .
297 4449 601 4523 103.)1791-.1801
618 4449 792 4516 Aeschines
809 4447 961 4505 Demades
973 4459 1003 4504 et
1013 4446 1241 4515 Demosthenes
1254 4443 1428 4505 Orationum
1440 4445 1518 4522 frag·

296 4542 405 4596 menta.
437 4531 521 4616 104.)
538 4537 752 4593 leo-181¹.
777 4531 936 4592 Orationes
958 4533 1123 4609 legatorum
1138 4532 1316 4610 Scytharum
1332 4531 1369 4590 ad
1385 4530 1518 4590 Alexan·

294 4619 380 4677 drum
390 4640 541 4722 magnum
565 4629 595 4679 et
610 4619 775 4678 Alexandri
791 4639 890 4696 magur
881 4618 943 4677 ad
959 4620 1130 4679 exercitum.
1155 4621 1239 4695 105.)
1265 4616 1354 4677 1811.
1376 4616 1519 4696 Diploma

296 4707 360 4764 sive
390 4698 505 4765 Litora
525 4705 732 4764 familiaritatis
755 4704 833 4762 lacta
860 4723 912 4782 per
935 4705 1069 4762 dominos
1098 4705 1211 4782 priores
1238 4703 1373 4762 florentis
1400 4701 1517 4761 cuidam

297 4790 433 4851 histrioni
456 4792 600 4866 (Antonio
624 4791 662 4850 de
684 4791 829 4868 Verona).
858 4791 969 4868 incip:
988 4780 1118 4848 ‘Priores
1140 4790 1247 4848 artium
1262 4799 1293 4848 et
1308 4777 1517 4851 vexillifer..)
