3709 5734
371 744 520 817 Oiceru,
542 738 667 803 Litterae
689 747 726 801 ad
749 745 934 803 Octavianum
982 783 1503 803 .........
1534 742 1634 815 3121,
1657 748 1705 803 36.

414 860 456 871 -
499 832 643 904 Bpistolae
665 832 817 887 familiares
855 866 1502 887 ...........
1557 832 1705 900 3203,1.

414 946 456 957 -
501 918 645 989 Epistulae
668 919 795 974 diversae
817 918 854 972 ad
877 916 1029 973 familiares
1043 952 1434 975 .......
1508 919 1609 983 3121,
1635 920 1704 972 101.

416 1032 453 1044 -
499 1004 644 1075 Epistulae
666 1005 700 1057 ad
724 1002 876 1057 familiares
898 1003 1021 1059 selectae
1042 1020 1105 1057 cum
1127 1002 1229 1076 glossis
1300 1042 1310 1062 .
1363 1043 1372 1058 .
1428 1042 1436 1057 .
1493 1004 1654 1072 .,3123
1676 980 1764 1097 41

413 1116 455 1127 —
498 1088 643 1160 Epistulae
665 1090 786 1144 selectae
855 1125 1311 1145 ........
1360 1087 1452 1154 3202,
1477 1090 1506 1144 9.
1531 1088 1633 1159 3244,
1657 1088 1704 1143 63.
1762 1098 1764 1147 ζ

412 1198 457 1215 —-
500 1174 643 1245 Epistulae
665 1174 833 1230 lectissimae
855 1191 871 1228 e
893 1172 1081 1229 familiaribus
1108 1208 1499 1231 .......
1531 1174 1634 1241 3494,
1657 1175 1705 1228 50.

413 1288 457 1298 -
500 1258 646 1330 Epistulae
669 1260 767 1332 viginti
790 1268 896 1331 septem
919 1278 936 1315 e
958 1259 1144 1315 familiaribus
1171 1292 1500 1315 ......
1531 1260 1705 1329 3462,15.
1762 1274 1764 1279 ·

412 1370 456 1383 -
499 1344 655 1401 Duodecim
679 1346 815 1417 epistulae
831 1344 987 1400 familiares
1046 1374 1499 1401 ........
1529 1344 1632 1413 3462,
1658 1345 1704 1399 12.

412 1457 456 1469 -
498 1429 569 1485 Tres
592 1431 728 1502 epistulae
785 1466 1499 1487 ............
1529 1430 1704 1499 3244,13.

410 1534 454 1556 ¹-
496 1515 641 1587 Bpistulae
662 1516 771 1588 aliquot
792 1521 821 1571 et
842 1522 977 1588 excerpta
998 1532 1033 1571 ex
1054 1514 1117 1571 aliis
1138 1532 1188 1572 seu
1217 1515 1378 1589 elegantiae
1397 1515 1503 1587 passim

543 1619 606 1657 cum
628 1602 702 1659 uotis
724 1602 927 1675 marginalibus
975 1639 984 1657 .
1040 1636 1048 1655 .
1104 1638 1112 1655 .
1167 1639 1177 1657 .
1217 1595 1239 1655 ’.
1295 1637 1303 1653 .
1359 1632 1368 1655 .
1411 1600 1505 1669 3462,
1530 1600 1572 1655 33
1600 1608 1634 1655 et
1656 1601 1704 1655 39.

413 1712 457 1724 -
501 1686 690 1759 Epistularum
713 1688 871 1759 fragmenta
916 1719 1497 1744 ..........
1529 1685 1633 1753 3434,
1656 1686 1704 1740 52.
1762 1678 1764 1681 ⁴

412 1798 455 1811 -
499 1772 639 1843 Excerpta
662 1791 698 1829 ex
720 1762 846 1844 epistolis
912 1805 1496 1827 ..........
1526 1771 1630 1839 3244,
1654 1772 1702 1826 59.
1762 1840 1764 1847 Ι

411 1883 451 1894 -
496 1857 640 1928 Epistulae
662 1859 808 1930 cujusdam
830 1858 1018 1931 fragmentum
1041 1890 1496 1913 ........
1528 1856 1632 1924 3494,
1656 1858 1703 1911 49.
1762 1848 1764 1915 j

409 1962 452 1981 ’-
494 1942 642 1998 Paradoxa
663 1944 700 1998 ad
722 1944 840 1999 Brutum
863 1937 956 2013 3191,
980 1943 1009 1998 3.
1032 1938 1125 2008 3211,
1149 1941 1177 1996 4.
1190 1959 1265 2001 eum
1286 1940 1386 2014 glossis
1425 1982 1432 1995 .
1489 1981 1496 1995 .
1550 1942 1654 2011 3123,
1675 1943 1702 1996 8.

412 2029 638 2083 -Sumnium
662 2027 802 2101 Scipionis
848 2062 1305 2087 ........
1379 2024 1471 2096 3123,
1493 2022 1526 2080 5.
1552 2027 1655 2097 3211,
1677 2030 1703 2081 l.

409 2132 454 2154 ¹-
495 2113 610 2169 Laeliua
632 2114 725 2185 3211,
749 2114 778 2171 3.
802 2131 864 2169 cum
886 2115 988 2188 glossis
1037 2152 1046 2169 .
1102 2152 1111 2168 .
1187 2109 1281 2179 3115,
1305 2114 1334 2167 3.
1358 2112 1450 2181 3123,
1474 2111 1502 2178 6,
1528 2112 1632 2181 3150,
1658 2113 1704 2169 16.

409 2216 453 2236 ¹—-
495 2200 540 2254 De
562 2199 686 2254 amicitia
706 2156 787 2265 liber,
798 2200 901 2273 gallice
912 2198 1065 2255 translatus
1080 2190 1263 2254 aLaurentiu
1278 2197 1503 2255 dePremieriait
1611 2196 1704 2255 2550.

408 2310 451 2323 -
494 2284 666 2357 Fragmenta
687 2304 720 2341 ex
743 2302 828 2359 opere
851 2284 1033 2341 deamicitia
1103 2321 1494 2339 .......
1610 2284 1703 2341 2466.
1760 2266 1764 2287 ⁴

408 2397 451 2409 —
493 2366 677 2443 CatumaJur
721 2411 729 2428 .
787 2407 794 2423 .
851 2410 857 2423 .
914 2411 921 2425 .
978 2368 1107 2437 ,3211,
1131 2369 1160 2425 2.
1184 2367 1277 2433 3115,
1301 2368 1331 2423 4.
1354 2366 1501 2437 31231
1527 2361 1631 2437 3150,
1655 2370 1702 2425 14.

409 2482 450 2493 —-
493 2455 539 2510 De
560 2462 706 2512 senectute
727 2456 838 2528 gallice,
861 2456 1016 2526 interprete
1037 2454 1193 2510 Laurentio
1216 2456 1252 2509 de
1273 2449 1453 2511 Premieriait
1485 2492 1494 2507 .
1549 2411 1692 2521 255112
1693 2494 1701 2509 .

408 2560 452 2579 ··-
496 2540 711 2597 Rhetoricorum
744 2542 780 2597 ad
802 2541 977 2597 Herennium
999 2532 1064 2595 libri
1085 2540 1138 2597 1v.
1166 2578 1174 2594 .
1231 2578 1239 2594 .
1295 2580 1303 2597 .
1374 2539 1468 2608 3164,
1492 2538 1523 2592 9.
1548 2539 1651 2607 3205,
1675 2541 1701 2593 l.

541 2644 604 2680 uum
625 2626 727 2698 glossis
783 2655 1494 2682 ............
1548 2624 1651 2693 3141,
1672 2626 1700 2681 2.

408 2736 451 2749 -
493 2707 539 2767 De
560 2712 667 2783 optimo
688 2728 793 2785 genere
814 2717 958 2767 oraturum
975 2744 1493 2768 .........
1548 2702 1651 2779 3093,
1672 2712 1700 2765 3.

407 2816 448 2835 -·
492 2796 537 2853 De
560 2803 671 2853 oratore
693 2798 730 2853 ad
752 2796 886 2865 Quintum
908 2797 1025 2852 fratrem
1041 2829 1495 2853 ........
1549 2796 1701 2863 3090,1.

408 2901 450 2919 ·-
493 2882 597 2938 Brutus
619 2883 677 2938 sire
699 2882 735 2939 de
757 2882 840 2938 claris
862 2881 1021 2937 oratoribus
1038 2914 1302 2939 .....
1374 2880 1467 2945 3090,
1491 2879 1524 2933 3.
1550 2880 1700 2951 3093,1.

407 2997 448 3011 —
493 2968 537 3023 De
560 2968 721 3024 inventione
743 2967 884 3024 rhetorica
905 2967 970 3022 libri
993 2969 1050 3023 duo
1100 2999 1491 3021 .......
1546 2966 1700 3034 3141,1.

405 3073 449 3092 -
491 3054 536 3109 De
558 3054 710 3125 partitione
731 3054 854 3109 oratoria
875 3052 1046 3127 dialogus.
1102 3090 1111 3106 .
1166 3087 1173 3106 .
1229 3086 1237 3107 .
1292 3085 1301 3107 .
1356 3089 1365 3106 .
1425 3050 1521 3119 3191,
1546 3050 1578 3107 5.
1605 3052 1698 3107 3203.

405 3164 449 3177 -
492 3138 593 3194 Orator
615 3141 651 3194 ad
674 3139 711 3193 11.
735 3140 854 3195 Brutum
909 3171 1300 3197 ·······
1377 3136 1470 3205 3090,
1493 3136 1523 3190 2.
1549 3137 1649 3208 3093,
1670 3138 1698 3193 2.

405 3242 447 3261 ⁴-
490 3225 535 3280 De
557 3232 668 3280 oratore
690 3226 727 3280 ad
749 3224 867 3279 Brutum
889 3218 962 3279 liber
983 3228 1131 3295 excerptus
1161 3258 1488 3280 ......
1519 3219 1694 3291 3160,13.

407 3335 450 3347 -
493 3310 727 3367 Academicorum
748 3310 908 3381 fragmenta
968 3340 1490 3365 .........
1520 3306 1623 3377 3160,
1648 3310 1696 3364 11.

406 3414 450 3433 -r
494 3395 680 3462 Quaestiuues
703 3395 880 3451 Tusculanae
903 3401 1052 3467 excerptae
1100 3428 1490 3450 .......
1545 3392 1646 3463 3150,
1668 3394 1696 3449 6.

406 3504 447 3519 -
491 3480 610 3536 Metalla
636 3488 666 3536 et
686 3482 869 3537 auctoritates
890 3498 924 3535 ex
946 3479 1171 3536 Tusculanarum
1193 3474 1388 3548 quaestionum
1415 3476 1495 3532 libris
1519 3478 1621 3542 3475,
1647 3481 1697 3535 11.

406 3584 449 3603 ⁴-
492 3565 711 3623 Defatullber
774 3600 1486 3623 ............
1541 3562 1693 3636 3191,1.

405 3678 446 3689 -
489 3651 622 3707 Timaeus
643 3652 703 3707 sire
724 3652 760 3707 da
781 3651 911 3706 universo
970 3684 1428 3707 ........
1447 3645 1545 3719 3191,
1570 3650 1591 3703 6
1615 3658 1646 3705 et
1665 3652 1694 3705 6.

404 3762 446 3774 -
489 3734 622 3791 Timaeus
645 3744 791 3810 excerptus
845 3768 1492 3793 ...........
1545 3736 1645 3799 3150,
1668 3737 1694 3790 9.

404 3840 447 3859 ⁸-
489 3821 598 3895 Tupica
620 3824 657 3878 ad
678 3822 843 3878 Trebatium
908 3853 1491 3877 ..........
1543 3820 1643 3889 3191,
1664 3822 1693 3876 4.

404 3936 448 3949 -
491 3906 631 3979 Exeerpta
652 3926 687 3965 ex
710 3909 771 3981 ejus
794 3906 926 3979 operibus
970 3939 1487 3962 .........
1599 3906 1691 3961 3330.

403 4014 448 4033 “-
489 3992 666 4065 Responsum
688 3994 722 4048 ad
746 3992 778 4049 0
801 3992 908 4049 dulium
932 3987 1082 4048 Caesarem
1096 4025 1489 4048 .......
1520 3989 1622 4061 3420,
1645 3992 1691 4047 26.

402 4104 446 4118 -·
488 4078 622 4148 Pseudo,
645 4078 821 4135 Invectiua'
813 4096 842 4133 ιιι
864 4077 1028 4134 Sallustium
1099 4110 1489 4133 .......
1520 4077 1621 4144 3494,
1644 4078 1691 4132 26.

402 4184 446 4204 ⁶-
487 4190 529 4203 --
573 4164 618 4220 De
640 4164 813 4237 proprietate
835 4163 971 4220 sermonis
1035 4194 1491 4218 ........
1543 4162 1691 4230 3213,1.

402 4270 445 4289 -⁵
488 4276 530 4287 -
572 4248 700 4305 Libellus
722 4250 757 4305 de
779 4250 944 4323 synonymis
966 4248 1003 4304 ad
1025 4246 1184 4303 Victurium
1225 4284 1235 4304 .
1291 4246 1422 4313 ,3121
1445 4246 1495 4301 13.
1520 4247 1691 4316 3160,16.

1347 4330 1440 4399 3213,
1464 4332 1493 4387 2.
1519 4333 1619 4402 3250,
1644 4336 1689 4388 11,

360 4417 525 4489 Oiuulus,
548 4418 646 4476 Oratio
668 4420 704 4475 ad
727 4420 924 4491 imperatorem
948 4417 1159 4490 sigismundum
1223 4454 1484 4474 .....
1516 4415 1617 4485 3420,
1643 4420 1689 4474 13.

359 4504 508 4575 Cicuta,
531 4504 700 4577 Stephanus,
724 4503 906 4561 Maximillam
922 4503 1044 4576 Augusti
1061 4510 1091 4559 et
1105 4502 1229 4558 Blanose
1244 4500 1367 4559 Siortiae
1382 4500 1493 4575 epitha-

534 4591 648 4646 lamium

359 4674 600 4747 Claudianus,
624 4676 768 4747 Claudius,
790 4675 885 4749 Opera
902 4709 1361 4729 ........
1480 4714 1487 4725 .
1596 4674 1686 4730 3246.

400 4784 442 4801 -ε
484 4762 530 4817 De
551 4769 633 4833 raptu
656 4762 843 4833 Proserpinae
864 4760 928 4815 libri
950 4760 995 4815 111
1034 4794 1298 4815 .....
1369 4756 1463 4825 3037,
1489 4754 1517 4812 l.
1542 4759 1638 4821 3196.
1658 4760 1685 4811 6.
