3709 5734
259 551 469 609 1203-1214
850 544 918 614 Μ

323 737 500 817 Completa.
512 738 593 811 Hst,
602 736 719 799 Biblia.
735 735 854 812 Quam.
867 737 1020 797 Ditn'cus.
1036 736 1169 797 Custos.
1193 737 1348 797 Ecclesia.
1361 735 1477 799 Sancti.
1487 735 1546 795 Yo-

321 824 386 883 liti.
400 824 479 882 Per.
494 824 585 887 Duo.
599 822 713 883 Paria.
733 822 949 902 Comparauit
965 824 1031 883 Et
1050 822 1231 883 Horwordus
1260 822 1324 882 de.
1341 822 1372 882 S.
1395 822 1538 882 Andrea.

321 909 523 969 Illuminauitff
585 909 626 989 2.)
651 912 683 968 2ι
691 910 811 967 -290“.
855 908 1018 967 Bibliorum
1039 910 1198 969 latinorum
1219 929 1288 989 pars
1310 908 1440 968 secunda
1462 907 1544 986 (Iob,

320 994 502 1067 Proverbia,
532 993 747 1065 Ecclesiastes,
776 992 918 1067 Cantica,
953 993 1125 1073 Sapientia,
1147 994 1399 1066 Ecclesiasticus,
1429 995 1544 1066 Esaias,

321 1080 489 1153 Jeremias,
512 1080 646 1153 Baruch,
666 1078 821 1153 Ezechiel,
851 1038 975 1151 Daniel,
998 1080 1063 1139 XII
1087 1082 1237 1161 prophetae
1260 1081 1404 1151 minores,
1425 1078 1543 1139 Macha-

321 1164 450 1225 baeorurn
482 1166 549 1224 libri
577 1168 625 1239 ΙΙ,
656 1166 833 1225 Psalterium
864 1174 893 1225 et
914 1165 1033 1225 Novum
1062 1166 1296 1226 Testamentum.
1352 1164 1428 1225 2901
1449 1174 1545 1224 vacat.

323 1254 364 1331 3.)
390 1252 593 1311 aer-309⁸.
637 1252 801 1311 Eucherius
824 1252 980 1331 episcopus
995 1252 1212 1330 Lugdunensis,
1231 1244 1334 1313 ‘Liber
1354 1251 1544 1311 formularum

326 1336 487 1417 spiritualis
509 1338 730 1419 intelligentiae.‘
804 1336 846 1417 4.)
871 1338 1077 1397 309“-314“’.
1121 1338 1252 1397 Isidorus
1274 1337 1480 1417 Hispalensis,
1499 1338 1548 1395 De

325 1424 387 1482 vita
402 1424 451 1483 rel
467 1423 549 1483 obitu
564 1434 739 1495 sanctorum,
757 1424 853 1504 quiin
869 1422 987 1482 domino
1001 1432 1224 1503 praecesserunt.
1274 1424 1316 1503 5.)
1340 1421 1546 1482 amb-319¹).

322 1508 416 1582 Idem,
440 1509 601 1589 Allegoriae
617 1506 750 1591 quaedam
767 1528 858 1569 sacrae
874 1510 1034 1589 scripturae.
1058 1509 1134 1569 Cum
1150 1519 1290 1588 excerpto
1306 1528 1345 1568 ex
1360 1510 1424 1567 eius
1437 1508 1504 1567 Lib.
1520 1506 1545 1567 Ι.

322 1594 361 1654 de
383 1594 430 1653 off.
454 1596 525 1655 cccl.
548 1596 719 1675 etquidem
742 1596 780 1655 de
801 1594 915 1655 ratione
938 1605 969 1655 et
989 1616 1111 1656 numero
1130 1596 1313 1674 jejuniomm
1335 1595 1549 1654 ecclesiastico

324 1700 397 1739 rum.
442 1682 479 1740 In
500 1682 570 1740 folio
592 1702 714 1741 numero
736 1702 796 1739 non
818 1682 951 1759 signato,
981 1683 1059 1741 inter
1078 1684 1196 1741 thecam
1225 1690 1255 1741 et
1276 1682 1378 1739 folium
1400 1680 1548 1759 signatum

323 1768 458 1845 primum,
483 1775 580 1827 exstat
595 1769 662 1847 pict.
679 1789 716 1825 nr.
741 1766 771 1825 S.
790 1767 960 1870 Hippolyti.
1004 1767 1156 1827 Librarius
1178 1768 1308 1827 cernitur
1322 1766 1447 1844 genibus
1462 1766 1548 1825 flexis

322 1852 593 2009 iffiedidffla’·
585 1874 615 1913 m
638 1873 697 1935 qua
718 1852 826 1912 verba:
843 1846 917 1912 Ora
939 1874 993 1933 pro
1014 1874 1062 1913 me
1083 1854 1255 1933 DytricoS.
1271 1851 1409 1931 Ypolite)
1452 1852 1547 1911 Derris

218 2059 310 2116 1204.
325 2056 407 2140 [Res.
431 2056 514 2140 955]
537 2081 575 2118 m.
598 2060 687 2118 XIII.
712 2060 816 2119 2841.
867 2058 995 2119 Genesis
1024 2068 1054 2120 et
1074 2060 1197 2120 Exodus
1220 2060 1331 2132 latine,
1354 2067 1454 2118 textus
1475 2056 1548 2118 Vul-

321 2153 400 2223 gatae
422 2165 488 2204 cum
510 2144 610 2223 glossa
632 2146 781 2205 ordinaria
802 2154 833 2205 et
853 2146 1044 2205 interlineari.
1087 2146 1183 2206 Derris
1204 2147 1245 2220 Π,
1268 2146 1382 2207 XLVL

220 2266 311 2323 1205.
326 2263 428 2347 [Univ.
452 2264 536 2347 803]
558 2286 598 2325 ιιι.
620 2266 709 2325 XIII.
734 2268 805 2325 272.
828 2266 847 2325 1.
891 2267 998 2326 Petrus
1021 2266 1183 2340 Comestor,
1206 2267 1341 2326 Historia
1362 2265 1548 2325 scholastica
1639 2320 1647 2334 ,

218 2387 309 2443 1206.
324 2384 426 2468 [Iluiv.
449 2384 533 2467 419]
556 2408 595 2446 m.
617 2387 704 2447 XIV.
728 2388 842 2447 276.-1.
893 2386 1025 2447 'lhomas
1048 2386 1201 2467 Aquinas,
1225 2386 1346 2446 Catenae
1368 2406 1421 2445 seu
1442 2384 1549 2463 glossar

322 2473 358 2615 1Ιῖ
376 2472 551 2617 Ἠιὲςιῆι,
575 2473 739 2554 etquidem
762 2492 831 2553 pars
852 2474 999 2553 posterior
1019 2475 1051 2533 in
1065 2474 1178 2532 Lucam
1193 2483 1224 2533 et
1236 2473 1416 2533 Jobannem.
1453 2469 1549 2529 Denis

220 2678 721 2761 1207.[Salisb.108.]mX.HI.
746 2678 817 2738 201.
840 2679 860 2738 f.
904 2680 1010 2739 Petrus
1032 2678 1225 2750 Lombardus,
1250 2676 1365 2737 Glossae
1387 2698 1441 2736 seu
1462 2676 1549 2736 colle·

323 2768 451 2824 ctanea'
443 2786 474 2824 ιιι
490 2766 630 2844 epistolas
644 2766 739 2836 Pauli,
763 2786 829 2825 cum
850 2774 945 2825 textu.
989 2766 1025 2825 In
1047 2766 1106 2825 tine
1128 2766 1231 2825 decem
1248 2764 1455 2835 hexametris
1446 2764 1551 2840 incip:

320 2843 466 2930 ‘Explicit
487 2851 536 2910 hic
557 2852 633 2930 petri
655 2851 802 2945 glosarum
825 2852 904 2911 mela
926 2853 1034 2930 magist
1036 2853 1068 2909 ri.
1071 2854 1156 2910 '.etc

222 2972 309 3029 reos.
324 2968 407 3071 [pec.
431 2969 515 3052 son]
538 2992 576 3030 m
599 2972 685 3031 xiv.
711 2974 781 3032 soe.
804 2974 823 3031 f.
848 2994 872 3032 a
896 2975 1007 3032 inies
1076 2974 1115 3051 1.)
1141 2972 1301 3032 ι-ιιιι
1345 2969 1486 3029 ezechia
1508 2969 1550 3026 u-

324 3057 388 3116 tine
410 3076 476 3116 cum
498 3057 599 3136 glossa
620 3059 769 3117 ordinaria
791 3068 821 3119 et
842 3059 1041 3130 interlineari,
1072 3059 1196 3136 adjectis
1225 3058 1352 3137 postillis
1373 3055 1490 3113 Nicolai
1513 3054 1551 3112 de

323 3140 444 3287 XXXV
483 3142 522 3222 2.)
549 3145 752 3203 rab-208².
795 3144 906 3204 Daniel
936 3145 1042 3204 eodem
1063 3144 1150 3203 modo
1173 3144 1347 3223 explicatus.
1391 3141 1486 3199 Derris
1509 3140 1549 3212 II,

224 3350 312 3406 1209.
327 3347 428 3429 [Univ.
454 3348 513 3431 10.]
537 3370 574 3409 m.
597 3352 684 3411 XIV.
709 3354 779 3411 226.
802 3352 822 3411 1.
866 3352 973 3413 Petrus
994 3352 1196 3424 Lomhurdus,
1220 3348 1335 3409 Glossae
1356 3349 1388 3406 in
1409 3347 1550 3426 epistolas

326 3435 421 3493 Pauli.
465 3436 560 3496 Denis
581 3436 622 3510 II,
647 3437 802 3497 CXCVII.

226 3558 313 3613 1210.
328 3552 428 3637 [Univ.
452 3553 536 3638 418]
559 3578 597 3616 m.
620 3558 706 3617 XIV.
730 3560 801 3617 264.
824 3558 844 3617 f.
895 3558 1026 3617 'l'homas
1049 3557 1202 3638 Aquinas,
1226 3555 1347 3614 Catenae
1371 3574 1423 3613 seu
1445 3554 1552 3630 glossae

324 3643 354 3699 iu
378 3642 548 3719 evangelia,
573 3652 602 3701 et
624 3642 743 3724 quidem
765 3664 834 3723 pars
856 3646 936 3723 prior
958 3645 988 3702 in
1010 3644 1184 3703 Mattlraeum
1206 3651 1236 3701 et
1257 3642 1400 3700 Marcum.
1452 3640 1548 3697 Derris

323 3728 365 3798 Π,
392 3726 500 3787 CLIX.

225 3846 444 3929 1211.]Ἰ1ιοοΙ
462 3846 524 3929 94.]
547 3868 585 3907 m.
601 3848 687 3907 XIV.
703 3852 775 3908 419.
798 3850 818 3907 1.
841 3869 865 3907 r.
889 3850 952 3907 init
976 3869 1000 3908 r.
1043 3848 1143 3908 Biblia
1165 3848 1310 3907 versionis
1332 3846 1461 3924 vulgatis
1484 3865 1551 3904 cum

328 3932 358 3993 S.
382 3934 559 4013 Hieronymi
586 3936 715 4013 prologis
739 3945 769 3995 et
790 3936 991 4012 argumentis,
1023 3935 1140 4012 adjecta
1161 3935 1192 3992 in
1223 3934 1284 3993 fine
1309 3931 1553 4011 interpretatione

324 4020 476 4079 nominum
498 4020 702 4079 hebraicorum
725 4029 755 4081 et
775 4040 938 4098 graecorum
959 4020 1063 4079 ordine
1077 4020 1274 4099 alphabetico.
1309 4018 1406 4078 Denis
1421 4018 1446 4089 I,
1461 4016 1551 4075 XIX.

225 4136 597 4283 1212.[11ιιέ1ι1.819.]1ιιι.
620 4138 711 4198 XIII.
738 4138 807 4197 139,
830 4138 850 4197 f.
901 4137 1008 4197 Petrus
1032 4137 1198 4211 Comestor,
1221 4136 1356 4195 Historia
1377 4132 1553 4192 scholastica

328 4246 359 4283 ru
423 4226 574 4284 emutia.

226 4346 312 4403 1213.
327 4343 426 4426 [Univ.
451 4344 492 4427 9.]
514 4368 553 4405 m.
576 4346 649 4405 XII.
675 4347 744 4404 150.
767 4345 787 4403 f.
810 4366 834 4403 c.
859 4347 921 4404 init.
946 4366 970 4404 e.
1016 4342 1268 4421 Evangeliarium.
1315 4341 1353 4399 In
1374 4359 1480 4399 aversa
1502 4358 1552 4417 pa·

326 4432 396 4508 gina
417 4432 480 4491 folii
494 4452 617 4492 numero
632 4450 692 4491 uon
714 4432 822 4509 signati
845 4433 921 4490 iuter
943 4431 1060 4489 thecam
1083 4438 1113 4489 ct
1134 4429 1236 4487 folium
1252 4428 1399 4504 signatum
1416 4423 1553 4483 ultimum

328 4526 448 4577 exstant
468 4518 595 4577 formula
621 4519 778 4577 atramenti
807 4516 982 4577 conficiendi
1004 4525 1034 4576 et
1062 4515 1213 4575 nonnulla
1238 4514 1346 4591 glossae
1366 4510 1552 4588 germanicae.

328 4602 422 4662 Denis
443 4604 484 4676 ΙΙ,
507 4602 769 4664 DCCCXXXIV.

233 4720 315 4779 1214.
329 4720 409 4803 [Rec.
427 4720 510 4804 908]
533 4742 572 4781 m.
596 4724 685 4782 XIII.
711 4724 780 4783 125.
802 4724 822 4781 f.
867 4724 1066 4802 Evangelium
1088 4724 1178 4781 Lucre
1200 4739 1266 4779 cum
1284 4716 1384 4795 glossa
1405 4716 1554 4777 ordinaria

329 4817 358 4867 e
380 4808 571 4868 inmensas.
617 4810 712 4869 nens
733 4810 774 4883 11,
798 4808 897 4870 ιιοιι.
