3709 5734
324 2503 538 2584 Bibliothecae
567 2523 716 2602 palatinae
738 2523 978 2582 vindobonensis
1008 2523 1164 2582 thesauros
1190 2523 1349 2582 litterarius
1376 2523 1533 2603 publicatis

205 2660 339 2721 codicum
363 2661 509 2721 indicibus
528 2663 675 2721 communi
697 2662 764 2721 neni
779 2661 947 2741 patefacere
969 2663 1027 2720 iarn
1050 2661 1161 2720 iudea
1181 2659 1300 2720 saeculo
1322 2659 1424 2720 XVII.
1449 2659 1536 2719 Lam·

206 2795 366 2870 beciorum,
389 2797 601 2868 Nesseliorum,
618 2797 830 2877 Kollsriorum,
853 2799 1045 2859 Denieiorum
1068 2797 1218 2858 indefessa
1239 2796 1386 2856 industria
1407 2797 1534 2856 studuit:

205 2954 257 2994 nec
284 2943 390 2994 nostra
418 2937 560 2995 memoria
589 2933 762 3006 defuerunt,
795 2935 847 3015 qui
877 2933 915 2994 ab
944 2934 1003 2994 illis
1033 2935 1174 2994 inchoata
1193 2934 1383 2994 laudabiliter
1405 2955 1458 3014 pro
1481 2953 1536 2993 suo

204 3070 331 3150 ¹‹prisque
354 3079 437 3149 parte
460 3073 633 3131 continuare
655 3092 690 3130 ac
712 3071 855 3151 perficere
877 3071 1119 3149 aggrederentur.

303 3207 441 3282 Quorum
457 3209 587 3268 virorum
609 3228 708 3288 opera,
732 3229 792 3268 non
816 3207 999 3268 infructuosa
1019 3208 1072 3266 illa
1094 3207 1214 3287 quidem
1237 3207 1400 3268 litterarum
1421 3208 1536 3283 studiis,

208 3351 303 3404 tamen
327 3345 415 3402 iustis
431 3343 585 3405 desideriis
608 3345 739 3404 nondum
762 3345 834 3404 satis
856 3345 936 3404 fecit
959 3343 1036 3404 Cum
1058 3354 1136 3406 enim
1159 3348 1285 3428 quisque
1314 3367 1417 3434 eorum
1445 3369 1537 3408 unum

208 3489 235 3540 ct
255 3481 385 3540 alterum
409 3489 526 3559 praeter
548 3491 648 3542 cetera
669 3483 833 3542 litterarum
857 3501 952 3561 genus
973 3443 1157 3564 sequeretur,
1181 3493 1211 3544 et
1230 3485 1320 3544 nimis
1334 3484 1429 3544 multa
1450 3484 1538 3544 simul

207 3617 354 3676 conficere
377 3617 500 3695 cupiens
521 3629 642 3696 propter
664 3621 814 3697 ingentem
836 3618 977 3680 librorum
1000 3621 1116 3700 copiam
1139 3621 1326 3700 imperfectos
1347 3619 1464 3682 labores
1486 3619 1538 3680 de·

204 3753 329 3812 stituere
352 3761 515 3830 cogeretur,
538 3753 647 3814 sactum
671 3762 723 3828 eet,
746 3763 780 3814 ut
801 3775 839 3815 ne
861 3775 942 3816 nunc
962 3756 1083 3837 quidem
1105 3777 1208 3817 omnes
1231 3758 1263 3817 in
1277 3757 1335 3818 bac
1356 3757 1538 3818 bibliothece

89 3899 92 3960 ξ
204 3896 376 3948 asservatos
398 3889 516 3950 codices
539 3892 769 3970 complectentes
791 3891 910 3952 tabulae
933 3894 964 3953 in
985 3902 1125 3974 promptu
1145 3895 1214 3955 sint.

308 4025 411 4100 Quare
433 4027 586 4087 academia
609 4028 758 4090 Caesarea
771 4029 1012 4091 Vindobonensis
1028 4041 1178 4112 comperto
1194 4033 1290 4092 socios
1313 4053 1382 4093 suos
1404 4033 1537 4093 eosdem·

203 4181 266 4240 que
286 4161 486 4223 bibliothecae
507 4165 658 4243 palatinae
680 4167 818 4227 custodes
833 4167 929 4228 denuo
948 4169 1091 4228 librorum
1113 4172 1393 4250 manuscriptorum
1409 4170 1538 4230 indicem

202 4297 329 4376 plenum
346 4307 375 4357 et
390 4309 560 4360 accuratum
576 4301 745 4374 adornasse,
769 4325 837 4363 eum
853 4306 914 4364 suis
930 4306 1096 4384 sumptibus
1111 4306 1265 4386 publicare
1280 4307 1420 4367 decrevit
1443 4307 1475 4366 Is
1491 4329 1537 4367 eu·

202 4433 336 4511 talogus‚
359 4436 440 4494 cuins
464 4457 543 4496 nunc
564 4441 691 4517 primurn
711 4441 851 4500 volumen
871 4443 1021 4512 emittitur,
1044 4452 1162 4522 praeter
1176 4465 1298 4522 graecos
1321 4446 1539 4526 orientalesque

202 4569 305 4642 libros,
332 4591 454 4652 qnorum
478 4575 590 4634 indices
612 4577 728 4656 probuti
751 4582 1024 4651 contestantium,
1056 4591 1108 4640 aut
1127 4583 1300 4661 propediem
1328 4584 1467 4658 edentur,
1491 4604 1537 4643 co·

206 4704 285 4764 dices
310 4708 480 4768 recensebit
505 4731 621 4789 omnes,
651 4735 710 4773 non
740 4715 807 4774 illos
836 4736 890 4795 per
919 4737 1031 4794 genera
1052 4718 1216 4777 litterarum
1244 4719 1397 4780 distinctos
1427 4721 1538 4780 sedeo
