3709 5734
966 526 1030 599 140
1447 524 1616 584 eas-sae

333 732 404 791 825.
417 730 503 812 [Lun.
527 728 562 803 Q.
586 725 648 808 45]
671 747 709 785 m.
732 724 818 783 XIV.
843 724 913 781 262.
938 718 983 780 40.
1039 720 1144 779 Petrus
1167 718 1204 777 de
1228 718 1317 795 Riga,
1353 714 1479 775 Aurora
1523 713 1560 773 In
1582 713 1660 771 soliis
1761 726 1763 789 ἢ

417 838 482 896 quae
504 816 580 872 inter
601 813 703 871 thecas
725 821 755 871 et
775 809 877 868 folium
900 815 1084 867 numeratum
1107 805 1232 883 primum
1255 812 1284 863 et
1306 803 1440 863 ultimum
1458 808 1586 871 exstant,
1610 819 1660 857 an·

416 910 517 961 notata
537 900 676 959 historice
698 918 764 957 saec
787 896 874 954 XIV.

333 1025 403 1081 826.
417 1019 515 1103 [Univ.
542 1016 623 1099 102.)
646 1039 684 1077 m.
706 1017 775 1076 XV.
802 1017 870 1077 130.
893 1011 939 1073 4⁰.
986 1012 1143 1071 Salvianus
1160 1010 1364 1084 Massiliensis
1386 1012 1435 1070 De
1457 1028 1528 1067 vero
1546 1006 1660 1085 judicio

416 1116 446 1165 00
477 1104 663 1184 prouidentia
691 1103 758 1161 Dei.
818 1101 894 1161 Cum
927 1100 1005 1159 notis
1040 1090 1251 1175 marginalibus
1283 1096 1449 1157 Alexandri
1481 1092 1660 1199 Brassieani.
1761 1108 1763 1167 ᾗ

417 1193 511 1251 Ι)0οἰ0
533 1191 573 1262 ΙΙ,
597 1188 787 1265 CCCLXIV.

253 1350 259 1357 ·
335 1316 405 1371 827.
419 1311 534 1393 [Theol.
559 1308 641 1391 511.)
665 1331 702 1368 m.
726 1309 782 1367 XI.
806 1309 877 1366 203.
901 1310 945 1365 4⁰.
1014 1308 1053 1386 1.)
1080 1306 1198 1365 10-20
1242 1307 1396 1373 Iudicium
1426 1331 1511 1391 aquae
1542 1309 1657 1387 frigidm
1762 1354 1763 1377 ,

417 1400 458 1477 2.)
483 1396 624 1456 20-810.
683 1395 712 1453 8.
745 1394 885 1453 Aurelius
914 1394 1116 1470 Augustinus,
1148 1393 1350 1455 Euchiridion.
1429 1399 1471 1475 3.)
1495 1398 1660 1455 arb-84⁸.

417 1484 509 1554 Idem,
533 1482 581 1541 De
599 1491 711 1559 septem
726 1480 892 1538 virtutibus.
958 1479 1000 1557 4.)
1025 1481 1184 1537 etr-872.
1230 1480 1417 1543 Continuatio
1440 1480 1554 1543 Judicii
1576 1503 1662 1561 aquae

416 1569 528 1647 frigidae
551 1568 582 1627 in
603 1588 683 1625 num.
708 1571 733 1625 1.
801 1566 844 1644 5.)
873 1564 1058 1623 eth-133).
1104 1564 1133 1623 S.
1157 1564 1296 1625 Aurelius
1318 1568 1520 1646 Augustinus,
1555 1569 1661 1627 801110-

416 1656 493 1734 quia.
560 1654 601 1732 6.)
620 1650 824 1711 1330-1340.
859 1649 1047 1709 Continuatio
1062 1650 1175 1710 Judieii
1193 1671 1277 1731 aquae
1293 1654 1407 1731 frigidas
1422 1658 1452 1714 in
1467 1677 1547 1713 num.
1562 1659 1576 1712 l
1593 1656 1661 1712 004.

418 1740 458 1818 7.)
478 1740 677 1797 1354-202·.
721 1737 875 1807 Alcuinus,
898 1736 946 1795 De
961 1737 1100 1795 trinitate.
1159 1739 1201 1816 8.)
1223 1741 1427 1801 2022-20311.
1474 1742 1504 1800 8.
1519 1740 1662 1801 Aurelius

415 1825 615 1902 Augustinus,
649 1822 752 1882 Sermo
782 1823 819 1882 de
851 1823 1066 1882 resurrectione
1096 1842 1258 1901 corporum.
1288 1825 1412 1904 Incipit:
1432 1818 1575 1885 ‘Dilectet
1595 1846 1661 1895 nos,
1761 1846 1763 1907 )

416 1909 614 1981 dilectissimi,
642 1929 702 1967 uua
723 1908 875 1967 uobiscum
898 1908 936 1965 de
958 1908 1185 1967 resurrectione.
1201 1954 1207 1969 .
1221 1910 1243 1969 .’
1272 1910 1417 1989 Explicit:
1437 1904 1573 1991 ‘gloriam
1596 1932 1662 1990 per·
1762 1910 1763 1981 ἶ

419 1998 514 2056 tinere
536 1996 717 2054 mercemur)
760 1994 855 2053 Deuis
876 1993 901 2064 Ι,
923 1992 1104 2052 DCCCVII.
1762 2072 1763 2079 ἵ

334 2119 405 2175 828.
420 2115 535 2197 [Theol
559 2111 642 2195 626.)
665 2134 704 2172 m.
726 2113 812 2173 XIV.
836 2115 885 2172 97.
909 2110 954 2171 40.
1022 2114 1062 2194 1.)
1088 2116 1224 2173 12-392.
1282 2116 1445 2197 Dionysius
1468 2120 1662 2198 Areopagite,
1762 2084 1763 2131 Ι

417 2202 464 2259 Dc
497 2201 616 2259 coelesti
645 2199 810 2258 hierarchia
831 2200 990 2277 interprete
1014 2198 1101 2258 80000
1124 2200 1262 2278 Erigone.
1330 2206 1371 2283 2.)
1397 2208 1452 2263 404
1454 2205 1560 2265 -970,
1605 2206 1660 2264 Jo-
1762 2250 1763 2255 .

418 2284 1095 2363 000000608000110,8000000010οη1ωο
1128 2286 1252 2365 Incrprt:
1285 2288 1316 2347 Sr
1339 2308 1456 2369 ignoras
1479 2300 1525 2363 te,
1558 2291 1663 2369 opul-
1762 2304 1763 2319 ¹

417 2373 561 2431 cherrima
588 2371 800 2429 mulierum...
808 2369 1004 2447 'Explicitz
1034 2360 1085 2429 ad
1106 2392 1228 2449 presens
1251 2374 1415 2433 sufficiant!
1461 2377 1498 2435 In
1519 2378 1578 2435 fine
1601 2396 1663 2433 rna-

418 2478 472 2516 nns
505 2457 674 2515 recentioris
705 2457 885 2533 epigramma
913 2455 1052 2527 latinum,
1084 2458 1163 2535 quod
1185 2459 1304 2538 incipit:
1324 2452 1421 2520 Mens
1442 2461 1578 2533 humilis,
1603 2472 1663 2521 stu·

418 2542 570 2602 dium.’
527 2588 555 2602 ..
613 2542 707 2600 Deuis
729 2542 754 2613 I,
778 2540 948 2600 CCXVIII.

335 2667 405 2723 829.
419 2662 533 2744 [Theol.
558 2660 641 2743 624.)
664 2684 701 2720 m.
725 2662 797 2720 XII.
821 2662 870 2719 34.
894 2656 940 2717 40.
984 2661 1046 2720 Leo
1061 2662 1187 2741 Magnus
1209 2662 1300 2743 Papa,
1324 2664 1465 2745 Epistola
1487 2666 1587 2739 LXII,
1611 2667 1662 2727 ad-

413 2750 501 2827 jectis
522 2750 643 2808 Petrum
664 2748 847 2807 testimoniis.
891 2746 985 2805 Deuis
1007 2748 1031 2821 Ι,
1056 2748 1203 2807 CCLVII.

335 2873 405 2930 830.
420 2868 520 2950 [Univ.
544 2867 605 2950 90.)
628 2890 665 2927 nr.
688 2870 777 2928 XIII.
802 2871 851 2927 99.
875 2864 921 2926 40.
990 2869 1029 2945 1.)
1055 2868 1193 2928 rte-47².
1249 2870 1278 2930 S.
1302 2870 1442 2931 Aurelius
1464 2872 1661 2949 Augustinus,

417 2956 618 3014 Euchiridion.
684 2954 725 3033 2.)
749 2954 911 3014 48·-480.
957 2953 1059 3013 Sermo
1082 2954 1120 3014 de
1141 2965 1263 3034 petrono
1286 2958 1419 3016 ecclesiae
1435 2957 1464 3017 S.
1481 2959 1661 3036 Augustino,

419 3042 456 3100 ab
486 3040 551 3099 aliis
582 3041 668 3099 Ivoni
698 3040 873 3100 Camotensi
897 3039 1033 3099 tributus.
1100 3042 1141 3119 3.)
1165 3044 1324 3101 49·-54“.
1351 3044 1430 3101 .Ivo
1460 3043 1662 3116 Carnutensis,

419 3127 521 3186 Sermo
543 3127 581 3185 dc
603 3126 788 3185 dedicatione
810 3126 951 3185 eeclesiae.
1018 3127 1059 3204 4.)
1084 3128 1243 3186 544-6040
1288 3128 1380 3199 Idem,
1403 3129 1451 3187 De
1470 3130 1663 3189 sacramentis

418 3213 642 3291 neophytorum.
707 3213 749 3291 5.)
773 3214 932 3270 een-tot
982 3211 1082 3283 Idem,
1112 3212 1214 3271 80000
1245 3212 1282 3271 de
1313 3214 1490 3274 excellentia
1512 3235 1663 3274 sacrorum

420 3299 563 3357 ordinum.
631 3298 672 3377 6.)
696 3297 858 3356 660-71,
912 3297 1013 3369 Idem,
1038 3298 1140 3357 80000
1163 3296 1200 3357 de
1223 3298 1485 3374 significationibus
1508 3300 1662 3359 indumen-

418 3394 514 3442 torum
545 3365 779 3441 sacerdotalium.
846 3383 887 3461 7.)
912 3384 1072 3442 7104-9144,
1125 3384 1224 3455 Idem,
1256 3382 1358 3442 Sermo
1388 3385 1426 3444 de
1454 3387 1663 3444 convenientia

420 3470 529 3528 veteris
559 3476 591 3526 et
616 3469 686 3526 novi
714 3468 878 3527 sacerdotii
945 3468 986 3548 8.)
1010 3470 1173 3528 urb-95¹³.
1217 3430 1318 3541 Idem,
1347 3468 1446 3543 Quare
1467 3470 1552 3529 Deus
1574 3480 1662 3530 natus

419 3564 449 3613 et
470 3574 574 3632 passus
597 3554 643 3612 sit.
702 3554 744 3631 9.)
768 3554 931 3612 950--980,
976 3556 1068 3628 Idem,
1092 3556 1140 3615 De
1154 3556 1286 3614 oratione
1301 3514 1455 3613 dominica
1499 3556 1595 3615 Deuis
1618 3557 1659 3626 ΙΙ,

419 3640 631 3699 CCCXXXV.

335 3762 405 3819 831.
419 3760 518 3841 [Univ.
535 3756 597 3839 83.)
621 3780 658 3817 m.
681 3760 750 3819 XV.
777 3763 845 3819 166.
868 3757 914 3819 40.
958 3760 1086 3820 Basilius
1098 3760 1232 3837 Magnus,
1257 3758 1367 3819 Contra
1383 3760 1569 3833 Eunomium,
1594 3782 1661 3820 curn

418 3844 637 3925 praefationibus
659 3846 842 3905 Bessarionis
864 3857 895 3906 et
916 3847 1083 3925 interpretis
1107 3846 1227 3923 Georgii
1253 3846 1453 3925 Trapezuntii.
1502 3846 1598 3905 Deuis
1621 3848 1661 3920 ΙΙ,

318 3940 322 3947 ’
420 3930 567 3989 CCLXV.

336 4072 406 4128 832.
420 4067 536 4149 [Theoi.
553 4066 636 4148 529.)
658 4090 697 4127 m.
719 4070 812 4129 XIet
826 4070 912 4130 XIV.
939 4072 1007 4129 106.
1031 4067 1076 4129 40.
1145 4070 1185 4148 1.)
1210 4068 1340 4128 10-160
1354 4090 1392 4127 m.
1409 4088 1432 4127 s.
1448 4069 1505 4128 XI.
1542 4068 1580 4127 S.
1597 4068 1660 4127 An·

419 4155 509 4213 relius
524 4154 716 4230 Augustinus,
739 4154 940 4215 Euchiridion.
1008 4156 1049 4235 2.)
1075 4154 1279 4213 17⁸-18bm
1296 4174 1319 4213 0.
1335 4154 1421 4213 XIV.
1464 4155 1502 4212 A.
1518 4153 1560 4212 M.
1575 4154 1612 4212 T.
1631 4155 1661 4213 S.

418 4240 575 4313 Boethius,
603 4240 652 4298 De
673 4242 785 4300 unitate
808 4250 837 4300 et
858 4262 932 4313 uno,
957 4260 1022 4299 eum
1044 4241 1159 4319 glossis.
1225 4241 1267 4319 3.)
1293 4242 1443 4297 rar-74·
1464 4260 1502 4298 ru.
1526 4260 1549 4297 s.
1573 4240 1661 4299 XIV.

421 4327 545 4386 Cantica
576 4329 754 4385 canticorum
786 4348 851 4386 curn
881 4328 1089 4387 commentario
1118 4326 1243 4385 Honorii
1265 4324 1551 4425 Augustodunensie
1619 4325 1662 4403 4.)

421 4416 461 4471 74
463 4412 574 4471 -7404
595 4432 632 4470 m.
657 4432 679 4471 0.
702 4414 788 4471 XIV.
833 4412 989 4473 Sermones
1011 4412 1117 4471 breves
1140 4412 1207 4481 duo,
1231 4412 1310 4489 prlor
1331 4430 1420 4488 super
1441 4410 1513 4468 Luc.
1529 4410 1616 4467 VIII.
1635 4414 1662 4469 7.

416 4490 627 4557 Remittuntur
649 4500 676 4556 ei
699 4505 820 4576 peccate
842 4498 958 4571 multa',
980 4498 1124 4576 posterior
1146 4516 1235 4575 super
1257 4496 1463 4555 salutationem
1478 4494 1661 4571 angelicam:

418 4576 497 4643 ‘Ave
515 4584 610 4642 Maria
631 4584 726 4661 gratia
747 4584 853 4660 plena!
919 4542 961 4661 5.)
986 4586 1039 4641 70·
1040 4581 1138 4639 ---900
1159 4602 1196 4639 nr.
1220 4602 1243 4640 s.
1267 4580 1352 4640 XIV.
1397 4582 1567 4650 Hartvicus,
1591 4582 1663 4639 Vita

423 4670 452 4727 8.
477 4670 619 4748 Stephani
642 4688 695 4745 reg
696 4669 728 4726 is.
766 4668 848 4725 Iinis
871 4668 962 4726 deest.
1009 4668 1154 4745 Explicit.
1172 4659 1315 4725 ‘leuatum
1338 4666 1375 4725 ad
1399 4666 1492 4724 altare
1514 4668 1663 4744 portauit'

423 4754 660 4835 6.)01--1060
682 4776 719 4812 nr.
743 4775 765 4811 0
788 4754 844 4811 XI.
904 4752 1092 4812 Continuetio
1126 4750 1279 4811 enchiridii
1307 4750 1338 4809 8.
1362 4750 1477 4812 Aurelii
1500 4752 1662 4829 Augustini
