3709 5734
213 595 296 654 3473
801 592 866 662 391

276 780 435 841 dissime
426 802 457 841 ιιι
486 778 604 841 Christo
632 784 709 885 patri
738 791 768 842 et
797 782 916 842 domino
944 782 1067 842 iebanni
1094 783 1174 842 tituli
1201 786 1297 843 sancti
1323 783 1482 843 Martini
1473 803 1505 841 ιιι

275 868 425 928 montibus
441 858 654 932 Cardinalim'
694 859 827 948 Expla‘
831 890 885 929 sue
906 890 956 929 me
978 868 1171 928 beatitudinis
1193 872 1368 949 participem
1386 869 1504 929 efficere

278 952 417 1032 dignetur
444 955 538 1014 trinus
567 964 597 1015 et
618 974 695 1014 vnus
725 955 798 1015 deus
824 956 874 1035 qui
896 956 974 1015 viuit
996 964 1026 1014 et
1047 947 1164 1034 regnat'
1189 966 1245 1017 ete.
1304 956 1380 1015 1021
1405 963 1503 1016 vacat.

166 1080 170 1094 .
277 1041 318 1115 7.)
344 1042 462 1099 103·-
474 1040 562 1102 1121.
595 1041 695 1115 Idem,
728 1041 887 1101 Tractatus
910 1040 1011 1101 brevis
1033 1041 1072 1101 de
1094 1042 1219 1101 concilio
1241 1042 1417 1103 Basileensi.
1454 1042 1504 1101 Ιιι-

277 1127 350 1205 cip:
365 1116 529 1187 Dominus
544 1135 645 1187 noster
660 1128 761 1187 ihesus
777 1127 904 1187 cbristus
925 1128 1046 1187 Petrum
1070 1148 1160 1231 super
1181 1130 1333 1208 peccantis
1355 1129 1387 1189 in
1409 1148 1489 1191 se...

275 1204 410 1291 Expla‘
412 1232 471 1272 non
495 1221 695 1274 curuauerunt
717 1234 816 1291 genua
838 1234 891 1273 sua
914 1204 1086 1273 ιιιιιιιιιιιιΙῘ
1132 1214 1410 1291 8.)1121--1141.
1432 1214 1504 1293 Epi·

276 1298 354 1357 stola
377 1298 494 1358 concilii
516 1300 698 1360 Basileensis
722 1300 760 1359 ad
782 1300 950 1373 Rectorem,
973 1300 1134 1379 Magistros
1156 1308 1187 1359 et
1207 1300 1355 1361 Doctores
1376 1300 1504 1361 Univer-

277 1385 374 1444 sitatis
398 1384 606 1461 cracoviensis
629 1386 706 1445 datae
728 1386 896 1446 Lausanuae
919 1388 971 1447 26.
986 1386 1117 1465 Augusti
1138 1405 1217 1445 anno
1236 1388 1326 1445 1448
1370 1387 1412 1461 9.)
1430 1388 1505 1444 115·

275 1471 414 1532 -1281,
443 1462 604 1573 Scriptum
633 1471 703 1531 boni
731 1472 790 1531 viri
818 1482 920 1532 contra
947 1472 1130 1533 detractores
1158 1473 1276 1532 concilii
1303 1462 1503 1532 Basileensis.¹

274 1555 385 1657 Incipe
415 1548 530 1617 Multis
553 1559 611 1617 viis
634 1567 664 1617 et
685 1558 781 1619 modis
809 1561 886 1619 sacri
913 1558 1097 1618 Basiieensis
1125 1559 1245 1619 concilii
1272 1558 1438 1619 aduersarii
1464 1556 1504 1616 ab

275 1641 404 1705 inicio.
432 1635 594 1723 Expl:
624 1635 670 1703 ‘vt
698 1645 769 1703 vnio
796 1646 826 1703 in
861 1645 910 1705 dei
943 1645 1071 1705 ecclesia
1103 1636 1255 1705 seruetur?
1311 1646 1386 1703 129·
1406 1652 1502 1703 vacat.

278 1730 339 1804 10.)
364 1728 487 1787 1291-
497 1730 585 1792 1301.
616 1720 717 1791 ‘Bulla
743 1733 978 1791 renunciationis
1006 1731 1138 1810 Papatus
1170 1732 1258 1790 factre
1289 1751 1343 1809 per
1369 1730 1503 1789 Felicem

273 1812 386 1893 Papam
409 1808 559 1895 quintum'
598 1816 669 1875 data
693 1817 862 1877 Lausannae
877 1817 948 1877 Vll.
964 1818 1037 1878 Idus
1052 1818 1166 1897 Aprilis
1180 1818 1273 1879 1449.
1310 1816 1421 1895 Incip..
1440 1806 1502 1874 ‘Ad

274 1910 449 2003 perpetuam
477 1902 521 1961 rei
549 1904 720 1962 memoriam
750 1903 832 1978 Quas
862 1904 900 1963 ob
924 1924 1030 1963 musas
1052 1905 1209 1965 euocati..
1235 1894 1355 1977 '.11)
1380 1901 1503 1963 1301-

277 1987 361 2047 133.
391 1978 565 2047 ‘Decretum
594 1990 735 2048 sessionis
764 1990 903 2050 secundae
925 1992 1003 2050 sacri
1024 1990 1229 2049 herenensis
1251 1988 1370 2047 concilii
1392 1987 1430 2047 de
1452 1985 1503 2045 ab

274 2070 390 2132 lacione
413 2092 604 2133 censurarum
627 2074 848 2135 fulminatorum
872 2096 926 2179 per
949 2076 1107 2135 concilium
1121 2075 1298 2135 Basileense
1312 2082 1416 2133 contra
1432 2072 1502 2131 elim

274 2156 443 2235 Eugenium
465 2180 574 2262 papam
596 2170 627 2220 et
649 2161 706 2221 sibi
728 2153 913 2222 adherentes’
939 2162 1041 2221 datum
1067 2163 1236 2223 Lamannae
1264 2162 1313 2219 13.
1336 2160 1406 2223 Kal.
1428 2158 1501 2235 Maij

276 2245 368 2305 1449.
400 2245 511 2349 Incip:
523 2238 629 2307 ‘Beate
645 2248 726 2326 pacis
744 2258 848 2327 aperta
862 2249 913 2307 via
927 2246 1048 2307 domino
1064 2237 1306 2309 concedente...’
1347 2247 1408 2323 12.)
1428 2245 1503 2303 133·

275 2331 407 2389 -134·.
437 2323 610 2391 ‘Decretum
634 2334 774 2393 sessionis
798 2342 902 2413 quarte
925 2342 957 2393 et
979 2334 1081 2394 vltlme
1104 2334 1142 2393 de
1164 2332 1360 2393 dissolutione
1381 2330 1501 2407 eoncilij

272 2408 478 2479 lausanensis.¹
515 2418 628 2477 Datum
653 2422 680 2477 7.
704 2420 772 2479 Kal.
795 2419 867 2497 MaiJ'
894 2422 986 2482 1449.
1028 2421 1138 2500 Incip:
1163 2410 1351 2479 Sanctorum
1375 2416 1502 2477 ecclesie

273 2520 396 2603 eperum
419 2512 508 2584 atque
531 2506 684 2564 terestium
706 2525 811 2585 pacem
834 2526 937 2568 esse..
962 2500 1082 2586 ’13.)
1104 2507 1225 2565 134·
1234 2506 1317 2565 135·.
1333 2496 1435 2563 ‘Bulla
1456 2521 1502 2561 re·

271 2589 441 2649 uocacionis
465 2610 656 2649 censurarum
678 2591 779 2651 danda
799 2612 854 2671 per
875 2552 1035 2652 Nicolaum
1057 2612 1165 2693 papam
1195 2610 1297 2651 eorum
1327 2609 1394 2669 quse
1422 2590 1503 2647 facta

272 2682 342 2733 suut
363 2675 489 2735 Basileae
512 2686 542 2735 et
564 2675 762 2737 Lausannae‘
753 2700 783 2736 ιιι
808 2668 960 2739 conciliis'
998 2679 1109 2757 Incip.:
1130 2669 1245 2737 Tanto
1267 2696 1321 2735 nos
1342 2694 1448 2779 pacem
1472 2682 1502 2733 et

272 2761 518 2839 tranquillitatem
552 2774 723 2823 cunctorum
756 2764 954 2825 fidelium...
958 2757 967 2782 '
1026 2761 1090 2842 14.)
1121 2766 1243 2823 135·-
1253 2762 1342 2823 1381.
1373 2752 1502 2820 ‘Minuta

271 2846 507 2907 confirmacionis
529 2848 627 2909 fienda
650 2870 705 2929 per
720 2850 876 2909 Nicolaum
897 2868 1007 2929 papam
1029 2842 1180 2954 quintum?
1220 2849 1329 2927 Incipe
1349 2838 1403 2907 ‘Vt
1418 2846 1500 2926 pacis

267 2952 331 3035 qua
353 2933 429 2992 nihil
451 2934 708 2995 desiderabilius'
701 2956 732 2995 ιιι
754 2936 916 2997 uniuersali
939 2935 1129 2999 ecclesis...
1195 2934 1259 3018 15.)
1284 2933 1405 2992 1391-
1417 2934 1500 2993 141·.

267 3009 377 3098 (lupia
399 3019 480 3080 bulis
503 3020 601 3081 dande
628 3042 681 3101 per
704 3022 733 3083 d.
757 3021 914 3081 Nicolaum
942 3042 1051 3123 papam
1079 3022 1118 3081 de
1144 3022 1332 3080 restitutione
1360 3018 1500 3099 spoliato-

270 3124 336 3163 rum
359 3113 389 3165 et
411 3108 593 3211 priuatorum
618 3101 788 3169 beneficiis?
830 3108 942 3213 Ῑιιιὶιιι
967 3098 1026 3167 ‘Ne
1054 3108 1201 3167 ordinatio
1230 3116 1334 3165 nostra
1359 3104 1503 3164 reddatur

271 3190 469 3255 inefficax...
532 3190 594 3275 16.)
614 3196 730 3252 141¹-
743 3194 830 3255 1421.
850 3186 1005 3273 Capitale
1027 3194 1107 3254 dicte
1128 3192 1328 3271 gebennensis
1351 3190 1500 3250 celebrate

272 3276 310 3336 de
333 3297 411 3338 anno
434 3278 546 3338 domini
565 3282 645 3339 1447
662 3280 814 3339 mensibus
835 3280 1007 3340 nouembris
1030 3288 1060 3339 et
1083 3278 1257 3352 decembris,
1281 3286 1425 3356 concepta
1446 3296 1501 3356 pro

270 3382 346 3441 pace
368 3373 398 3424 et
421 3366 530 3470 vpione
553 3356 696 3425 ecclesie?
736 3368 844 3445 Incipe
862 3358 975 3425 ‘Primo
998 3366 1078 3446 quod
1100 3365 1238 3425 dominus
1260 3364 1334 3423 felix
1357 3364 1409 3423 det
1430 3382 1500 3422 suas

270 3448 437 3513 literas...
442 3442 560 3529 '.17)
587 3455 707 3511 143·-
717 3453 804 3515 1441.
839 3452 956 3531 Regula
987 3451 1215 3511 carmelitarum
1246 3449 1419 3509 confirmata
1447 3468 1501 3527 per

269 3533 766 3599 InnocentrumIVannol247.
819 3539 881 3619 18.)
907 3541 1029 3598 145·-
1041 3539 1126 3599 1481.
1154 3537 1287 3596 FelixV
1309 3537 1404 3616 Papa,
1427 3534 1499 3614 Epi·

270 3621 348 3681 stols
376 3623 414 3682 ad
442 3624 587 3683 electores
618 3625 741 3704 Imperii
771 3626 808 3684 de
839 3625 1027 3704 procuranda
1056 3645 1131 3704 pace
1159 3631 1189 3683 et
1216 3624 1327 3682 unione
1355 3620 1499 3691 ecclesiae,

271 3706 342 3766 data
374 3709 412 3768 ad
440 3708 471 3771 S.
499 3710 688 3770 Dominicum
718 3720 803 3770 extra
832 3730 932 3771 muros
964 3710 1206 3771 Gebennensium
1229 3708 1285 3770 vl.
1311 3708 1385 3768 Idus
1410 3706 1498 3813 JuniJ

272 3795 364 3855 1447.
397 3796 507 3875 Incip.:
520 3788 651 3856 ‘Nouum
667 3818 725 3856 non
742 3806 786 3857 est
802 3796 1036 3857 fraternitatibus
1050 3795 1317 3876 nobilitatibusque
1331 3794 1486 3855 vestris...

272 3880 335 3958 19.)
361 3882 482 3939 149·
492 3884 574 3941 150·.
608 3873 785 3943 ‘Consilium
815 3883 966 3943 facultatis
993 3883 1162 3961 theologice
1190 3882 1268 3941 alme
1294 3880 1500 3940 vniuersitatis

269 3966 371 4069 studij
383 3968 564 4027 viennensis
586 3988 639 4049 pro
664 3969 874 4071 pacificaciene
896 3970 1055 4031 ecclesie'
1046 3990 1078 4028 ιιι
1100 3970 1233 4049 presenti
1255 3968 1394 4027 scismate
1410 3966 1500 4024 Anno

272 4042 371 4115 1444.
418 4053 483 4134 20.)
509 4057 630 4114 150·-
639 4056 727 4116 1521.
754 4046 933 4115 Consilium
956 4076 1052 4116 seren.
1075 4056 1162 4115 Rom.
1185 4052 1294 4131 Regi
1285 4074 1318 4111 m
1340 4071 1431 4112 causa
1453 4070 1500 4110 ec-

271 4137 363 4197 clesie
386 4140 592 4203 uniuersalis.
605 4160 686 4221 .per
706 4142 877 4201 facultatem
899 4142 985 4203 Juris
1007 4141 1098 4201 studii
1120 4140 1314 4200 Wienncnsis
1336 4139 1438 4198 datum
1461 4136 1500 4196 ad

271 4222 381 4283 dietam
403 4226 666 4305 Nurnbergensem
689 4229 825 4306 proxime
846 4218 1025 4288 tenendam?
1044 4227 1179 4331 Incip.:
1199 4216 1357 4285 Tortuosi
1384 4224 1497 4301 mugni-

269 4310 374 4369 tudine
396 4314 542 4372 scismatis
566 4334 624 4394 quo
647 4334 727 4373 nunc
749 4322 843 4374 status
867 4304 1054 4374 ecclesie...’
1092 4312 1196 4391 Expl.:
1214 4303 1258 4371 et
1279 4311 1367 4369 dietis
1391 4309 1499 4368 clarius

268 4404 315 4454 est
337 4417 425 4476 quam
448 4398 534 4459 nobis
562 4391 728 4478 patefacta.’
786 4401 849 4479 21.)
875 4403 996 4459 153·-
1007 4398 1094 4459 1531.
1127 4398 1266 4478 Epistola
1295 4397 1410 4476 aliquot
1437 4396 1498 4474 epi-

268 4501 424 4561 scoporum
447 4486 533 4564 regni
556 4484 670 4545 Sueciae
693 4486 731 4545 ad
755 4487 912 4546 concilium
932 4486 1115 4557 Basiieense,
1139 4504 1199 4565 qua
1220 4483 1294 4543 illud
1317 4484 1356 4542 ad
1379 4489 1499 4541 strenue

269 4570 499 4630 continuandam
522 4570 761 4633 reformationem
785 4572 920 4633 ecclesia
944 4572 1153 4644 exhortantur,
1188 4568 1258 4628 data
1284 4571 1335 4631 28.
1357 4566 1498 4641 danuarii

270 4655 361 4716 1448.
419 4653 484 4741 22.)
510 4660 592 4719 154·.
625 4658 756 4719 lelixV
778 4660 876 4739 Papa,
910 4657 1048 4739 Epistola
1077 4657 1115 4717 sd
1145 4656 1302 4715 concilium
1324 4654 1500 4714 Basiieense

267 4739 478 4815 admonitoria,
513 4752 547 4803 ut
574 4752 677 4804 contra
705 4764 808 4805 omnes
837 4746 1019 4806 detractores
1042 4744 1168 4803 viriliter
1199 4749 1289 4821 agat,
1326 4741 1398 4801 dats
1419 4740 1499 4799 Lau-

267 4846 370 4889 sannse
386 4830 436 4893 29.
449 4788 537 4892 Febr.
552 4832 643 4893 1444.
674 4831 783 4910 Incip.:
803 4822 983 4912 ‘Integritati
999 4840 1099 4892 vestre
1113 4830 1303 4891 faceremus
1294 4828 1481 4890 iniuriam...

1739 4716 1749 4755 <
1755 4735 1756 4738 .
