3709 5734
232 516 402 572 corr-sos
844 512 907 581 103

275 702 485 779 ‘Interrogauit
504 702 642 762 dudone)
686 705 820 783 Explic:
851 707 909 767 ‘cui
931 706 1025 783 gloria
1047 716 1077 767 st
1099 710 1253 787 imperium
1276 710 1363 769 simul
1385 718 1431 771 est
1453 732 1519 770 cum

273 796 360 865 patre
391 795 422 846 ct
448 788 552 865 spiritu
578 798 681 848 sancto
714 791 744 849 in
767 791 867 851 secula
889 792 1054 851 seculorum
1077 795 1182 853 amen.J
1248 795 1290 874 5.)
1316 798 1517 855 lter-178².

274 872 306 931 S.
322 872 533 950 Hieronymus,
556 874 714 933 Tractatus
736 876 774 935 de
796 878 997 937 incarnatione
1013 878 1123 937 domini
1139 888 1241 937 contra
1253 880 1385 939 «Iudaeos.
1408 882 1518 960 Incip:

274 958 437 1035 ‘incipiunt
465 960 595 1036 capitula
625 962 712 1039 primi
744 961 831 1020 libri'
875 963 1011 1041 Explic:
1047 966 1086 1023 ‘et
1118 967 1148 1023 in
1181 966 1323 1043 templum
1344 968 1468 1044 proiecit
1489 975 1520 1026 et

273 1042 382 1123 laqueo
405 1064 438 1102 se
459 1044 632 1123 suspendit!
675 1047 875 1106 wattenbach
896 1048 948 1121 10,
973 1050 1044 1107 522.

188 1166 263 1222 591.
278 1161 371 1244 [Hirr.
393 1162 497 1223 eccles.
523 1162 604 1245 150.)
627 1186 666 1223 m.
687 1165 745 1223 XI.
771 1169 840 1225 127.
863 1164 910 1225 4⁰.
959 1168 1037 1225 Vitta
1060 1168 1241 1229 Sanctorum.
1286 1170 1379 1247 lucip.
1403 1169 1518 1247 (Passio

274 1248 306 1307 S.
329 1248 451 1327 Blasii):
475 1249 680 1327 ‘Temporibus
702 1252 810 1309 Licinii
832 1253 1036 1329 imperatoris.²
1080 1256 1212 1333 Explic:
1237 1255 1342 1313 ‘Omne
1364 1256 1424 1315 uite
1446 1264 1518 1314 tem-

273 1354 332 1413 pus
353 1333 488 1411 impleuit
510 1356 603 1394 annos
625 1336 704 1407 LVI,
727 1357 844 1397 meuses
866 1339 971 1410 XIIII,
996 1340 1059 1399 dics
1082 1340 1171 1399 XXI
1194 1340 1311 1399 Amen'

188 1454 368 1538 naamis.
391 1454 465 1533 prof.
488 1453 572 1538 001.)
594 1478 633 1515 m.
655 1456 725 1515 XV.
749 1458 799 1514 23.
822 1458 868 1515 40.
922 1456 1068 1536 Georgius
1090 1460 1307 1537 Trapezuntius
1330 1458 1367 1517 ad
1388 1459 1518 1537 Impera·
1569 1464 1572 1471 '

275 1552 371 1600 torem
392 1540 576 1599 Fridericum
598 1542 647 1599 ΠΙ
675 1542 839 1601 exhortatio
868 1544 906 1603 ad
939 1546 1141 1623 recuperanda
1173 1545 1240 1603 loca
1272 1564 1363 1603 sacra.
1407 1544 1517 1623 incip:

273 1626 436 1705 ‘Cogitanti
465 1626 537 1685 mihi
570 1628 694 1685 multum
716 1648 751 1687 ac
773 1649 843 1707 sepe
866 1629 903 1689 dc
925 1628 1105 1707 temporibus
1127 1629 1254 1688 nostris.³
1298 1630 1431 1707 Explic:
1456 1629 1519 1688 ‘tibi

272 1722 376 1773 tamen
389 1711 535 1788 Auguste,
559 1712 612 1772 tihi
634 1714 754 1792 inquam
776 1724 806 1772 et
828 1735 846 1772 a
861 1716 916 1773 deo
933 1724 962 1775 et
979 1715 1016 1773 ab
1030 1715 1198 1774 hominibus
1214 1724 1319 1773 cuncta
1334 1715 1517 1773 tribuentur.'

187 1831 366 1913 scamis.
388 1832 462 1911 prof.
485 1830 569 1913 866.)
592 1854 630 1891 m.
652 1832 722 1891 XV.
747 1832 865 1913 (1454.)
890 1836 939 1893 93.
971 1833 1016 1893 4⁰.
1085 1837 1124 1913 1.)
1150 1837 1286 1901 12-87c
1345 1837 1517 1897 Leonardus

271 1919 391 1977 Brunus
415 1918 571 1989 Aretiuus,
600 1917 683 1976 Libri
712 1926 772 1976 tres
801 1918 839 1976 de
868 1922 962 1997 primo
995 1919 1072 1979 bello
1102 1922 1223 1979 Punice.
1291 1923 1332 2001 2.)
1356 1923 1517 1981 err-93¹³.

271 2003 436 2075 Philiscus,
469 2002 650 2061 ‘Consolatio
681 2004 712 2061 in
735 2003 908 2063 Ciceronem
937 2026 991 2083 per
1011 2006 1181 2065 Johcnncrn
1204 2007 1364 2085 Autispam
1387 2008 1518 2067 Siculum

274 2088 431 2147 traducta)
475 2088 586 2167 Incip.:
618 2088 695 2147 ‘Non
724 2090 815 2167 pudet
845 2111 861 2148 ο
891 2091 985 2149 cicero
1019 2090 1110 2149 flere)
1153 2092 1286 2169 Erpha:
1311 2092 1424 2152 ‘Cicero
1447 2114 1517 2152 uero

273 2194 341 2233 cum
364 2173 420 2232 hec
441 2172 604 2233 audiuisset
626 2174 775 2253 equiorcm
797 2176 927 2234 animum
950 2178 1064 2254 accepit
1083 2178 1148 2235 finis
1164 2176 1252 2234 Anno
1268 2186 1334 2255 post
1348 2180 1378 2237 in
1393 2180 1518 2256 patriam

274 2259 384 2319 rediit'
427 2258 464 2317 Iu
486 2260 545 2318 fine
568 2259 675 2337 legitur
696 2280 805 2318 nomen
826 2260 954 2319 librarii:
985 2262 1075 2320 ‘Finit
1106 2262 1265 2320 consolatio
1288 2263 1405 2341 philisci
1428 2265 1457 2321 in
1480 2266 1518 2321 ci-

274 2364 413 2403 seronem
435 2344 581 2403 feliciter.
597 2346 681 2403 finita
702 2344 751 2403 die
771 2346 850 2404 XVI
872 2348 973 2425 aprilis
996 2350 1077 2405 1454
1100 2369 1153 2425 pcr
1167 2348 1332 2407 Rolandunr
1349 2348 1519 2409 Orabonum

271 2450 371 2489 ciuem
392 2433 564 2489 urnccncre.'

89 2595 90 2598 ¹
189 2568 257 2625 594.
272 2566 391 2649 [Cimel.
416 2566 477 2649 20.]
499 2590 538 2627 nr.
561 2568 650 2640 XIV.
671 2568 721 2625 20.
745 2563 791 2625 80.
844 2567 951 2626 Petrus
973 2570 1107 2627 Visconti
1130 2570 1303 2647 Ligurinas,
1329 2568 1425 2627 Gartae
1446 2590 1518 2628 nau·
1635 2626 1639 2631 .

269 2654 348 2711 ticae.
392 2653 429 2711 In
452 2654 553 2711 tabula
575 2653 705 2711 secunda
729 2661 759 2711 et
779 2654 810 2710 in
832 2654 936 2711 ultima
957 2654 1095 2729 leguntur
1117 2655 1194 2713 hacc:
1218 2655 1332 2713 ‘Petrus
1355 2656 1519 2715 Vcsscontc

272 2739 311 2797 de
333 2740 423 2797 ianua
444 2740 513 2798 fecit
535 2740 606 2797 istas
628 2738 744 2796 tabulas
767 2758 844 2796 anno
866 2739 977 2797 domini
999 2740 1239 2799 IIUCCXVIH)

192 2874 366 2957 595.[Hist.
390 2879 463 2956 prof.
486 2875 570 2958 900.]
592 2898 631 2935 m.
654 2877 739 2935 XIV.
767 2878 835 2933 105.
860 2874 905 2933 40.
975 2878 1014 2955 1,)
1041 2876 1179 2935 1“»-160.
1233 2876 1399 2948 demus,
1424 2876 1518 2935 Cano-

271 2962 358 3019 nicus
374 2962 620 3039 Osnabrugcnsis,
645 2961 831 3032 ‘Glrronicom
855 2960 982 3039 qualiter
1004 2982 1155 3021 romanum
1174 2963 1328 3039 imperium
1344 2962 1518 3020 translatum

274 3048 331 3104 fuit
353 3049 384 3106 in
407 3047 591 3106 Germanos)
626 3046 772 3105 Praecedit
794 3047 929 3125 Epistola
951 3046 1138 3104 dedicatoria.
1173 3048 1288 3105 'I'extus
1305 3049 1408 3124 incip:
1433 3047 1517 3104 ‘Mul-

270 3132 371 3191 tisaric
403 3134 562 3211 multisque
597 3132 712 3190 modis?
762 3133 898 3210 Explic:
933 3132 985 3189 ‘sic
1017 3152 1118 3189 omnes
1153 3130 1276 3190 barbare
1309 3133 1517 3191 nationes...'
1634 3200 1639 3209 ‚

270 3218 432 3277 Nonnulla
462 3220 548 3277 lincae
579 3218 695 3277 desunt
775 3219 816 3297 2,)
848 3216 1008 3274 10400.
1069 3217 1191 3275 ‘Notitia
1212 3218 1323 3287 seculi',
1348 3226 1393 3275 ct:
1417 3218 1516 3289 ‘Pavo

270 3304 321 3361 Dc
352 3305 448 3381 figura
476 3305 587 3374 seculi,
619 3303 746 3361 Carmen
778 3304 872 3361 formu
903 3300 1009 3359 fabula
1038 3302 1171 3380 aesopicae
1201 3323 1247 3361 res
1270 3304 1384 3380 imperii
1416 3310 1446 3361 et
1472 3322 1517 3361 ec-

271 3388 372 3448 clesiae
393 3390 493 3448 sacculi
515 3390 595 3447 XIII
621 3397 759 3446 tractans.
825 3388 867 3466 3.)
891 3389 1074 3445 cor-103³.
1118 3388 1166 3445 Dc
1187 3388 1379 3447 Antichristo.
1407 3388 1517 3466 Incip.:

274 3474 332 3533 ‘De
354 3474 537 3533 Antichristo
560 3476 635 3532 scire
657 3473 843 3531 uolentibus)
888 3472 1022 3550 Erpha:
1054 3473 1133 3551 ‘quia
1163 3493 1200 3531 cx
1230 3482 1299 3531 tunc
1321 3473 1519 3533 fraudulentia

273 3559 384 3618 diaboli
398 3561 516 3639 penitus
532 3560 667 3619 deficiet'
726 3560 769 3637 4.)
792 3557 995 3616 10:32-10412.
1039 3556 1375 3637 llerliuus,P1·ophetia.
1406 3560 1516 3637 Incip:

275 3644 382 3703 ‘Arbor
412 3646 516 3703 fertilis
544 3666 563 3704 a
594 3644 712 3723 proprio
741 3653 842 3702 trunco
868 3644 987 3702 decisa?
1031 3644 1165 3721 Explica
1190 3647 1257 3722 ‘quo
1281 3645 1402 3721 pacifico
1425 3664 1516 3720 regno

274 3730 407 3789 occidet'
437 3732 591 3810 Sequitur:
615 3730 702 3787 ‘Nota
725 3730 754 3787 in
776 3729 935 3807 prophecia
955 3728 1088 3790 Merlini.
1103 3774 1109 3788 .
1124 3728 1148 3788 ,⁸
1213 3730 1255 3807 5.)
1282 3731 1362 3786 105⁸.
1406 3730 1518 3807 Figura

276 3816 387 3874 calamo
411 3825 533 3874 exarata
553 3816 677 3875 bestiam
700 3815 863 3873 fabulosam
886 3824 916 3872 ct
938 3816 1092 3893 mysticam
1116 3822 1338 3891 repraesentans.

194 3950 264 4007 506.
277 3948 365 4030 [Hist.
382 3952 488 4010 eccles.
506 3949 587 4021 148.)
605 3972 642 4009 m.
658 3952 716 4020 XI,
739 3952 803 4008 XII
818 3960 848 4010 et
861 3952 950 4009 XIII.
975 3954 1024 4011 56.
1048 3952 1094 4009 40.
1156 3953 1195 4029 1.)
1221 3951 1352 4008 1¹²-172
1366 3970 1404 4009 m.
1419 3970 1442 4007 s.
1458 3950 1515 4008 XI.

274 4055 339 4094 curu
359 4037 505 4115 supplem.
528 4058 552 4095 s.
574 4038 647 4095 XII.
691 4038 763 4094 Vita
785 4037 815 4095 S.
832 4038 978 4095 liudberti
1001 4046 1031 4095 et
1054 4037 1216 4095 Conversio
1239 4037 1462 4112 Bajuvariorum
1486 4042 1517 4093 et

278 4120 518 4180 Carantanorum.
585 4125 626 4200 2.)
652 4123 804 4179 lib-40³
824 4144 863 4180 m.
885 4144 908 4179 s.
931 4122 1004 4180 XII.
1045 4124 1218 4200 ‘Responsio
1242 4119 1516 4179 contraGrecorum

276 4206 400 4265 heresim
417 4207 454 4265 dc
471 4208 531 4265 fido
546 4217 646 4266 sancte
661 4208 833 4265 Trinitatis.
869 4209 977 4284 incip:
1003 4207 1115 4267 ‘Omnis
1139 4208 1339 4265 ecclesiastica
1361 4205 1517 4283 disciplina

275 4292 304 4349 in
318 4292 491 4351 individuo'.
525 4294 659 4371 Explic.:
684 4294 756 4351 ‘siue
778 4293 840 4350 ulla
858 4294 1049 4369 ambiguitate
1069 4294 1194 4351 retinere
1210 4290 1345 4349 studeat?
1377 4290 1516 4368 Sequitur

276 4376 324 4435 tot
348 4378 404 4435 390
426 4387 456 4437 et
477 4381 546 4435 40⁶:
581 4379 736 4436 ‘Prolessio
765 4379 834 4436 fidei
856 4380 1069 4455 llpiscoporum
1099 4378 1177 4455 apud
1200 4377 1446 4435 wormatiensem
1477 4375 1515 4433 ci-

278 4464 399 4521 uitatem
420 4464 523 4523 XVII.
551 4464 592 4522 K.
614 4464 699 4523 danii
728 4465 759 4522 in
792 4464 919 4522 sinodali
949 4472 1095 4521 conuentu
1125 4462 1361 4532 consistentium,
1392 4480 1516 4541 quorum

278 4550 398 4607 nomina
418 4558 501 4607 sunt.
515 4595 521 4609 .
536 4550 560 4607 .'
626 4549 667 4627 3.)
691 4552 843 4607 40¹—420
858 4570 895 4607 m.
912 4568 936 4607 s.
952 4548 1024 4606 XII.
1069 4548 1199 4607 Isidorus
1222 4547 1418 4623 Hispalensis,
1441 4546 1515 4623 Ety-

277 4634 469 4711 mologiarnur
490 4634 565 4692 liber
587 4635 642 4692 IX.
708 4636 750 4713 4.)
773 4634 928 4693 420-43ιι
949 4654 986 4691 m.
1010 4655 1033 4691 s.
1055 4634 1128 4692 XII.
1180 4632 1318 4710 Hymnus
1341 4631 1379 4691 dc
1400 4631 1430 4691 S.
1453 4630 1515 4689 Au·

276 4723 404 4795 gnstino,
427 4740 492 4779 curn
507 4720 640 4779 Nemnis.
673 4720 783 4799 incip:
807 4720 924 4779 ‘Letarc
946 4728 1040 4779 mator
1061 4727 1161 4779 nostra
1175 4716 1351 4777 ierusalem.³
1380 4716 1513 4797 Explic:
