3709 5734
951 539 1016 607 158
1437 546 1606 603 925-990

403 729 574 788 hlatthaeum
608 729 714 809 (usque
737 730 775 788 ad
799 732 847 789 23.
873 732 922 788 26.
947 730 1015 789 edit.
1040 730 1103 789 Ool.
1130 734 1225 803 1626,
1248 752 1315 811 pag.
1343 733 1425 811 130).
1469 732 1577 811 Expl:
1608 734 1647 789 ‘ut

405 817 485 874 loria
507 824 719 893 contempnunt
741 860 747 873 .
772 817 819 876 Va
840 815 926 875 uobis
948 816 1043 875 scribe
1063 825 1093 875 et
1107 816 1236 895 pharisei
1251 818 1405 897 ypocrita?
1450 819 1575 877 92-96
1600 837 1647 875 va

405 910 481 959 cant
547 901 590 980 2.)
613 901 796 961 ate—mol.
840 903 998 961 lhactatus
1027 902 1065 961 ad
1094 902 1273 980 theologiam
1300 904 1440 963 moralem
1472 912 1646 983 spectantes.

400 977 625 1045 ‘Distinctiones
647 988 782 1067 quaedam
804 1008 900 1068 usque
921 988 961 1047 ad
975 988 1103 1047 litteram
1118 988 1144 1045 f’
1167 988 1223 1066 (sic
1237 990 1268 1048 in
1287 989 1374 1049 theca
1388 988 1567 1049 rubricatum
1583 988 1647 1067 est).

403 1073 513 1150 incip:
537 1072 728 1132 ‘Abeuntium
756 1092 810 1153 per
834 1073 914 1133 hunc
941 1074 1083 1133 mundum
1109 1074 1160 1133 alii
1188 1072 1298 1135 abeunt
1324 1074 1402 1135 male
1424 1084 1454 1133 et
1481 1076 1532 1133 alii
1554 1074 1647 1133 bene'

403 1158 510 1236 Expl.:
534 1159 663 1217 ‘Esuriui
685 1169 716 1218 ct
738 1159 861 1219 dedistis
883 1159 956 1218 mihi
978 1159 1175 1219 manducare.²
1209 1161 1296 1219 Folia
1317 1180 1377 1219 non
1398 1170 1553 1220 numerata
1574 1160 1649 1219 inter

404 1243 521 1302 thecam
544 1254 574 1301 ot
594 1244 666 1303 folia
687 1240 843 1304 numerata
864 1246 1016 1305 continent
1038 1245 1228 1305 decretalium
1250 1246 1423 1324 fragmenta

320 1366 389 1423 926.
406 1360 508 1445 [Univ.
532 1361 617 1446 843]
642 1386 680 1421 m.
703 1364 776 1422 XII.
801 1366 850 1422 64.
881 1364 900 1422 f.
977 1364 1016 1444 1.)
1043 1364 1182 1423 10—38l’.
1226 1364 1443 1425 Posuitentiale
1472 1385 1523 1424 seu
1553 1364 1649 1443 potius

403 1450 536 1509 Letharii
573 1450 694 1508 Summa
729 1450 927 1528 poenitentia.
985 1450 1096 1529 Incip:
1115 1450 1316 1511 “Ebdomada
1350 1453 1462 1529 priora.
1477 1501 1484 1513 ,
1498 1450 1521 1510 ,³
1544 1450 1649 1529 Expl:

411 1536 593 1614 ‘gaudebunt
614 1536 707 1595 seculi
728 1536 817 1594 finem
838 1534 978 1595 uenisse'
1022 1536 1058 1595 In
1085 1536 1180 1595 fronte
1210 1537 1307 1615 operis
1328 1537 1469 1616 praecedit
1490 1534 1582 1595 index
1605 1555 1649 1593 ca·

402 1624 511 1701 pitum‚
543 1640 610 1679 cum
639 1620 771 1681 rubrica:
802 1622 961 1700 ‘Incipiunt
983 1621 1113 1699 capitula
1134 1622 1237 1693 VIIII,
1260 1622 1328 1681 libri
1350 1622 1385 1681 1.'
1428 1623 1539 1700 Incip:
1575 1620 1649 1695 ‘Quo

402 1718 535 1785 tempore
563 1707 729 1785 presbyteri
750 1706 882 1785 plebium
904 1708 1047 1766 canonica
1068 1708 1242 1767 auctoritate
1264 1708 1465 1767 discordantes
1488 1706 1526 1767 ad
1548 1727 1651 1785 pacem

404 1802 433 1852 et
463 1793 669 1872 delinquentes
702 1793 739 1852 ad
770 1794 982 1871 poenitentiam
1011 1793 1187 1871 compellere
1212 1792 1359 1853 debeant?
1425 1794 1466 1873 2.)
1490 1794 1650 1851 39“-62“.

405 1878 552 1937 Chronica
579 1899 597 1937 a
624 1880 746 1938 Domini
767 1880 869 1937 Nostri
898 1880 1100 1938 incarnatione
1129 1898 1224 1959 usque
1251 1879 1289 1939 ad
1318 1899 1427 1939 annum
1458 1880 1555 1951 1224,
1587 1898 1652 1957 quse

403 1965 522 2045 quidem
546 1974 715 2024 contextum
739 1965 863 2024 alterum
886 1966 1018 2024 continet
1039 1965 1189 2023 annalium
1211 1964 1444 2044 Mellicensium,
1467 1964 1651 2023 fundamenti

404 2051 554 2109 annalium
574 2050 990 2127 Claustro-Neoburgeusium.
1057 2051 1098 2129 3.)
1123 2049 1286 2109 eae-63¹¹.
1331 2049 1491 2127 Catalogua
1508 2070 1652 2127 paparum

403 2157 498 2217 usque
531 2137 569 2197 ad
591 2136 797 2196 Alexandrum
819 2137 868 2193 ΙΠ
891 2136 1010 2217 (1159).
1081 2136 1124 2215 4.)
1149 2136 1311 2195 64·-64ῑ’.
1357 2136 1547 2195 continuatio
1570 2135 1651 2193 chro-
1677 2168 1681 2177 ·

402 2223 477 2281 nicae
500 2232 645 2282 contentas
667 2223 698 2281 in
719 2243 799 2281 num.
824 2221 866 2301 2.)
893 2242 987 2301 usque
1019 2222 1057 2280 ad
1087 2240 1195 2279 annum
1228 2223 1318 2280 1233.
1363 2222 1472 2281 ΤΙιθοω
1494 2220 1653 2279 voluminis

404 2309 535 2387 diploma
556 2308 704 2388 quoddam
728 2306 853 2365 abbatim
877 2306 1031 2366 Scotorum
1053 2306 1089 2367 0.
1113 2306 1143 2365 S.
1167 2308 1201 2365 B.
1230 2306 1410 2367 Viennensis
1437 2306 1653 2385 adglutinatam

406 2403 459 2454 est.
503 2394 704 2453 Wattenbach
726 2392 839 2451 Archiv
864 2395 912 2465 10,
936 2395 1007 2451 575.

320 2520 391 2575 927.
406 2512 532 2597 [Lunael.
556 2514 593 2589 Q.
617 2511 682 2597 83.)
713 2537 751 2573 m.
780 2516 866 2573 XIV.
892 2514 1011 2594 (1308.)
1043 2516 1092 2574 93.
1126 2515 1145 2572 f.
1190 2514 1341 2573 Honorius
1363 2514 1653 2591 Augustodnnensirn

404 2602 560 2680 Expositio
584 2621 673 2679 super
693 2600 818 2679 primam
841 2601 1080 2681 quinquagenam
1109 2600 1250 2678 psalterii.
1294 2600 1412 2659 Folium
1432 2620 1493 2659 non
1514 2620 1651 2658 numera-

402 2695 465 2745 tum
488 2688 564 2745 inter
584 2686 701 2745 thecam
724 2694 754 2745 et
775 2686 847 2745 folia
868 2694 1023 2745 numerata
1041 2686 1135 2745 Notas
1157 2684 1285 2744 musicas
1306 2694 1461 2745 neumatas
1483 2686 1624 2744 continet.

321 2809 392 2867 928.
407 2804 534 2891 [Ιιιιιιωῐ.
558 2806 594 2883 Q
618 2804 682 2891 81]
713 2830 752 2867 ιιι.
782 2808 868 2868 XIV.
893 2808 964 2867 203.
996 2808 1014 2865 f.
1059 2808 1209 2867 Honorius
1232 2804 1529 2885 Augustodunensis,
1552 2808 1654 2887 Expri-

404 2896 470 2953 sitio
504 2915 593 2973 super
625 2894 785 2953 secundam
815 2902 845 2953 et
876 2894 993 2953 tertiam
1027 2894 1266 2974 quinquagenam
1300 2892 1442 2972 psalterii.
1486 2894 1573 2953 Folia
1594 2916 1655 2953 nou

403 2990 558 3040 numerata
586 2982 662 3039 inter
689 2979 805 3038 thecam
828 2988 857 3038 et
877 2980 949 3037 folia
970 2986 1124 3038 numerata
1147 2979 1298 3038 continent
1319 2978 1484 3056 fragmenta
1505 2979 1653 3057 liturgica.

320 3104 392 3161 929.
407 3098 491 3183 [Rae.
515 3098 622 3185 3317]
653 3122 691 3159 ιιι.
713 3101 800 3160 XIV.
826 3104 895 3159 151.
927 3101 947 3158 f.
1016 3100 1244 3180 1.)1b-104b.
1288 3099 1458 3159 Radbertus
1480 3101 1653 3171 'initiensis

403 3188 452 3247 De
467 3188 592 3246 victoria
606 3186 690 3245 vorbi
705 3186 762 3245 dei.
829 3187 870 3264 2.)
897 3186 1100 3245 105“-148”.
1145 3184 1176 3245 S.
1198 3184 1388 3244 Bemhardus
1405 3182 1654 3258 Olaraevallensia

403 3274 555 3351 Epistolae.
589 3272 696 3351 Explr
721 3271 842 3331 ‘uiribus
858 3272 914 3330 sibi
931 3272 1072 3351 diripiunt
1088 3272 1180 3330 illud'
1241 3272 1283 3350 3.)
1309 3270 1514 3330 1489-1519.
1557 3272 1653 3343 Idem,

405 3358 508 3417 Sermo
531 3358 569 3417 de
590 3357 720 3416 moribus
742 3357 907 3415 infantium.
951 3358 1046 3417 Denis
1070 3358 1109 3429 II,
1132 3356 1302 3417 DCLVIII.

320 3474 526 3560 930.[Theol.
550 3474 615 3561 bh]
647 3499 685 3536 ιιι.
715 3478 786 3538 XV.
810 3478 930 3557 (1488.)
960 3478 1030 3537 238.
1060 3478 1080 3536 f.
1104 3499 1128 3536 c.
1151 3478 1220 3555 pict.
1243 3498 1282 3535 m.
1350 3476 1390 3557 1.)
1417 3478 1576 3535 12-1191.
1623 3476 1654 3537 S.

403 3564 615 3642 Hieronymus,
632 3564 788 3642 Expositio
804 3562 952 3642 evangelii
967 3564 1128 3623 secundum
1143 3562 1325 3621 Matthaeum.
1385 3558 1430 3643 2.)
1448 3562 1653 3621 120“-147·.

402 3649 497 3721 Idem,
521 3648 676 3727 Expositio
692 3650 841 3727 evangelii
856 3646 1018 3708 secundum
1033 3649 1175 3708 Marcum.
1239 3648 1281 3728 3.)
1307 3646 1512 3706 1479-2059.
1558 3648 1653 3720 Idem,

404 3734 639 3794 Commentarius
662 3736 692 3792 in
714 3734 917 3794 Ecclesiasten
940 3734 1063 3812 adjectis
1089 3734 1202 3793 duobus
1226 3733 1442 3793 additamentis.
1509 3735 1552 3813 4.)
1578 3736 1655 3792 2068

325 3861 327 3866 -
404 3819 533 3878 -2149
577 3818 937 3899 Pseudo-Hieronymus,
960 3820 1097 3899 Epistola
1119 3818 1156 3877 ad
1179 3818 1382 3879 Chromatium
1405 3826 1435 3877 et
1456 3818 1654 3878 Heliodorum

405 3906 568 3984 episcopos.
612 3904 757 3964 Rubriae:
787 3906 941 3983 ‘Prologus
974 3906 1012 3965 de
1046 3906 1169 3964 infantia
1192 3904 1367 3963 salvatoris?
1412 3902 1583 3985 Sequuntur
1605 3924 1653 3963 ca-

403 3992 467 4071 pita
487 3992 594 4070 viginti
616 4012 707 4051 unum
728 3990 796 4051 libri
819 3991 856 4051 de
879 3992 1004 4050 infantia
1026 3990 1190 4049 salvatoris.
1234 3990 1344 4067 Incip:
1379 3988 1457 4049 'Una
1478 3989 1527 4049 die
1550 3991 1649 4050 admo-

403 4078 483 4136 nitus
505 4086 551 4136 est
571 4076 708 4155 Joseph)
751 4078 858 4157 Expl:
886 4078 1014 4136 ‘claritas
1043 4076 1091 4135 dei
1113 4074 1322 4153 resplendebat
1344 4096 1433 4152 super
1455 4075 1543 4134 cum'
1610 4076 1653 4153 5.)

405 4162 610 4221 215⁸-215b.
654 4164 725 4221 Vita
746 4164 847 4221 matris
869 4163 938 4235 Dei,
962 4162 1117 4239 inscripta:
1147 4162 1227 4219 ‘Vita
1250 4160 1344 4219 beata
1365 4160 1467 4219 Mar-ire
1490 4160 1655 4220 secundum

402 4247 624 4327 Epiphaniam)
667 4249 778 4326 Incip.:
808 4250 866 4307 ‘De
896 4247 1068 4307 dominabili
1092 4254 1121 4305 et
1143 4247 1242 4305 ueraci
1265 4246 1314 4305 dei
1336 4246 1499 4323 genitrice'
1543 4246 1655 4324 Expl:

404 4335 465 4415 ‘qui
488 4354 589 4392 omncs
611 4334 642 4392 in
664 4354 754 4393 unum
777 4335 852 4392 fiunt
867 4378 873 4392 .
890 4332 985 4391 lxxii)
1060 4332 1101 4411 6.)
1126 4331 1330 4391 arob-216⁵.
1377 4332 1448 4390 Vita
1470 4332 1572 4391 matris
1595 4332 1655 4391 Dei

404 4420 559 4499 inscripta:
589 4418 800 4498 ‘Hieronymus
823 4418 861 4479 ad
884 4418 1086 4478 Chromatium
1110 4427 1140 4476 et
1160 4418 1375 4477 Heliodorum?
1419 4416 1531 4496 Incip·
1556 4418 1657 4476 ‘Hanc

404 4504 461 4563 sibi
488 4505 621 4583 regulam
651 4504 740 4565 beata
761 4506 856 4563 Maria
885 4506 970 4582 uirgo
994 4502 1155 4562 statuerat?
1199 4504 1303 4583 Explz
1327 4504 1480 4563 ‘carissimi
1503 4502 1655 4581 obtempe-

403 4590 509 4649 rabant
531 4591 578 4649 οἱ)
656 4592 697 4669 7.)
722 4590 928 4649 2162-221b.
975 4588 1005 4647 S.
1029 4590 1179 4666 Ignatius,
1214 4589 1349 4667 Epistola
1382 4589 1419 4647 ad
1452 4589 1486 4647 B.
1510 4588 1654 4661 histriam

403 4676 438 4734 B.
461 4676 564 4735 Mariae
586 4675 624 4734 ad
646 4676 795 4753 Ignatium
829 4684 859 4734 et
880 4674 990 4753 Ignatii
1020 4674 1058 4733 ad
1078 4674 1249 4733 Johannem
1273 4675 1485 4753 evangelistam
1520 4675 1654 4752 epistolar

404 4762 479 4820 dum.
523 4760 638 4839 Abgnri
660 4760 786 4839 epistola
815 4760 853 4820 ad
875 4760 1026 4820 Christum
1055 4768 1085 4819 et
1107 4758 1217 4819 Christi
1240 4762 1401 4839 responsio.
1468 4760 1509 4838 8.)
1537 4762 1655 4819 122⁸-
