3709 5734
963 517 1033 588 228
1543 523 1631 583 slas

435 715 547 774 -48·.
569 711 753 790 Fragmenta
767 710 917 769 variarum
939 707 1132 788 epistolarum
1147 708 1243 767 mixta
1258 727 1325 768 cum
1340 709 1490 789 excerptis
1506 730 1523 770 e
1537 711 1674 790 Virgilii,

433 799 602 871 Juvenalis,
626 797 782 868 Martialis,
806 796 956 855 Petraroae
973 794 1158 895 aliorumque
1174 793 1323 873 operibus.
1367 795 1470 854 409-
1477 797 1534 855 419
1550 808 1675 859 vacant.

437 888 500 966 13.)
524 883 628 944 489-
635 883 703 944 509.
726 883 867 960 Poggius,
892 881 1080 940 Inveotiva
1071 901 1104 939 m
1124 880 1319 940 Laurentium
1341 881 1472 942 Vallum.
1518 885 1581 958 14.)
1605 886 1675 943 51·.

434 971 610 1033 Almachius
642 969 807 1047 astrologus
836 968 1031 1037 Parisisnsis,
1065 965 1282 1070 Prognosticon
1310 965 1397 1026 ada.
1424 969 1516 1029 1484.
1554 969 1674 1049 Incip.:

431 1051 621 1117 ‘Almachius
645 1055 787 1132 magister
809 1055 916 1113 artium
938 1053 1170 1132 parisiensis...
1175 1043 1330 1131 '.:Expl
1356 1042 1448 1133 ‘quod
1470 1074 1526 1133 ago
1549 1057 1676 1135 predixi

434 1135 537 1204 vobis.²
585 1141 688 1201 519-
695 1140 750 1200 549
769 1148 886 1200 vacant.
934 1140 996 1218 15.)
1012 1140 1067 1198 55·
1072 1101 1191 1199 -999,
1214 1137 1411 1213 Q.Horatius
1433 1140 1573 1220 Flaccus,
1597 1143 1675 1222 Epi

436 1230 579 1290 stolarum
601 1227 669 1287 libri
685 1226 717 1285 H
740 1247 806 1286 cum
829 1224 959 1285 scholiis.
1006 1223 1069 1304 16.)
1093 1225 1148 1282 91·
1152 1225 1286 1285 -106·.
1309 1224 1430 1284 Persius
1453 1189 1592 1299 Flaccus,
1617 1227 1675 1288 Sa-

433 1326 509 1395 tyra
525 1334 592 1374 oum
613 1313 743 1374 scholiis.
791 1309 998 1370 1069-1089
1017 1319 1136 1371 vacant.
1184 1312 1245 1385 17.)
1263 1311 1483 1373 109·-1149.
1507 1312 1674 1387 Cornutus,

437 1400 676 1462 Commentarius
699 1399 729 1456 in
744 1397 882 1457 Persium
905 1405 1074 1476 excerptus.
1120 1400 1183 1471 18.)
1201 1397 1416 1458 115·-118·.
1438 1399 1590 1477 anarius
1606 1401 1675 1459 sive

435 1507 554 1548 carmen
577 1485 729 1545 heroicum
751 1483 799 1542 De
814 1485 894 1562 lupo,
916 1491 1036 1561 pastore
1059 1489 1091 1540 et
1111 1481 1257 1540 monacho
1279 1481 1369 1541 valde
1391 1483 1531 1543 differens
1554 1484 1595 1544 ab
1618 1487 1675 1544 im·

435 1593 539 1654 presso
562 1570 648 1631 iuJ.
671 1567 802 1642 Grimm,
836 1569 983 1628 Rsinhart
1003 1567 1104 1626 Fnchs
1126 1588 1194 1646 pag
1218 1568 1329 1624 410-
1336 1569 1409 1627 416.
1466 1570 1543 1628 1189
1568 1581 1674 1632 vacat.

438 1662 500 1734 19.)
515 1655 731 1716 119·-137·.
748 1653 1080 1734 GasparrnusBararaa,
1093 1653 1476 1715 Rhetoricacumscholiis.
1511 1657 1576 1730 20.)
1594 1657 1675 1717 1379

436 1745 570 1804 -154·.
592 1740 726 1804 Jacobus
749 1740 903 1800 Publicius
925 1741 1133 1811 Florentium,
1161 1739 1221 1798 Ars
1244 1739 1424 1817 epistolandi
1446 1740 1486 1800 ad
1507 1742 1675 1803 ΤΙιιιιιιιιιὶ-

436 1852 505 1891 uum
529 1828 685 1928 Hispaniae
707 1826 822 1888 ducem.
866 1826 1064 1886 Dedicatio
1056 1827 1161 1926 incip.:
1192 1816 1271 1884 ‘Non
1294 1844 1342 1884 me
1369 1817 1520 1904 fugit..)
1559 1829 1674 1932 Expl.·

433 1910 610 1975 litterarum
632 1915 728 1972 nitore
744 1904 916 1973 assuescas?
961 1911 1044 1971 Ars
1037 1931 1103 1991 rpsa
1117 1912 1223 1990 incip.:
1235 1901 1458 2012 Epistolarum
1474 1875 1673 1978 odicium..)

436 2002 542 2081 Erpa:
566 1992 712 2059 nouitate
735 1999 841 2059 saltem
862 2000 926 2057 vite
946 1998 1118 2058 habiturum
1140 1985 1244 2076 spero?
1284 1996 1435 2056 Scholia
1425 2019 1457 2056 ιιι
1480 2008 1574 2059 artem
1601 2001 1676 2062 bine

437 2087 507 2146 inde
529 2087 679 2164 leguntur.
734 2086 797 2164 21.)
824 2084 1038 2144 1549-156·.
1072 2083 1251 2143 Franciscus
1274 2081 1430 2158 Petrarca,
1462 2085 1606 2164 Epistola
1633 2088 1676 2146 ad

436 2173 584 2232 Thomam
606 2171 841 2231 Messanensem.
878 2170 993 2249 Incip·
1022 2162 1137 2229 ‘Animi
1165 2188 1236 2227 cura
1258 2131 1468 2272 philosophiam
1491 2173 1660 2250 querit...

437 2259 543 2337 Expl:
567 2250 720 2316 ‘interiora
741 2255 960 2333 transfigerent.
990 2257 1068 2316 Vale
1091 2259 1132 2314 6ω
1151 2255 1230 2333 ydus
1252 2245 1341 2316 maii'
1388 2257 1508 2314 1569-
1519 2257 1664 2319 1589ιιι

437 2353 514 2406 cant.
560 2347 623 2417 22.)
649 2345 723 2402 159·
732 2344 863 2405 -1·.83
897 2340 938 2400 M.
961 2343 1081 2402 Tullius
1105 2339 1226 2409 Cicero,
1250 2337 1354 2398 Oratio
1376 2361 1429 2419 pro
1442 2342 1520 2442 lege
1542 2343 1677 2404 Manilia
1772 2386 1773 2405 ι

437 2451 503 2490 cum
526 2429 656 2488 scholiis.
704 2429 778 2487 1839
797 2437 894 2487 vacat.
946 2429 1009 2507 23.)
1034 2427 1247 2486 184·-185·.
1270 2424 1425 2504 Hymnus.
1442 2417 1525 2487 Rex
1549 2429 1675 2491 Christe

436 2516 530 2574 factor
553 2504 695 2574 omnium'
721 2533 787 2573 cum
810 2514 942 2574 scholiis.
999 2513 1062 2592 24.)
1089 2511 1210 2571 1859-
1220 2512 1302 2572 189.
1336 2513 1477 2590 Hymnus
1505 2515 1578 2574 ad'
1567 2537 1675 2577 rnosn-
1772 2518 1773 2575 1

437 2602 551 2661 sionem
566 2600 651 2701 ignis
680 2599 828 2678 paschalis
851 2599 1016 2658 Prudentis
1045 2600 1221 2704 plerumque
1247 2597 1409 2658 attributus
1440 2619 1506 2658 cum
1536 2602 1674 2666 scholiis.
1772 2610 1773 2647 ³

436 2687 548 2764 Incip:
566 2676 725 2744 Inuentor
747 2687 828 2745 rutili
850 2685 912 2745 dux
933 2685 1012 2744 boue
1033 2678 1171 2746 luminis'
1225 2685 1289 2759 25.)
1313 2685 1388 2742 189·
1395 2685 1531 2745 -.l91b
1555 2687 1674 2749 Coelius

437 2773 611 2831 Lactantius
635 2771 819 2842 Firmianns,
840 2763 1032 2875 Elegiaoum
1055 2780 1189 2849 tempore
1217 2769 1330 2848 pascali
1353 2769 1392 2829 ad
1414 2772 1609 2832 stationem
1599 2776 1674 2835 mci-

437 2859 537 2937 piens:
562 2857 653 2917 Salus
675 2859 752 2918 festa
774 2849 898 2920 dies..'
923 2878 989 2918 cum
1013 2857 1142 2917 scholiis
1189 2857 1267 2914 192·
1255 2855 1285 2892 ·9
1307 2866 1404 2916 vacat.
1455 2859 1519 2932 26.)
1545 2861 1625 2919 193·
1629 2895 1672 2907 -
1771 2928 1772 2931 Ἴ

438 2943 528 3004 2029.
553 2944 747 3022 PVrrgthus
762 2944 855 3015 Maro
878 2943 1022 3004 Bucolica
1036 2964 1104 3002 cum
1119 2943 1235 3020 glossis
1267 2943 1433 3042 .27.·)203
1436 2945 1572 3006 -·.204
1596 2947 1673 3006 Tre·
1771 2946 1772 2955 ’

438 3029 533 3089 decim
568 3030 783 3130 epigrammata
814 3038 843 3089 et
872 3031 1040 3108 epitaphia,
1075 3049 1201 3109 quorum
1229 3028 1356 3106 primum
1385 3029 1558 3088 inscribitur
1584 3023 1672 3111 ‘Epi-

438 3135 572 3193 gramma
593 3117 624 3174 in
647 3117 783 3194 sepulcro
805 3107 1049 3192 Agamemnonis’
1080 3124 1110 3174 et
1137 3115 1274 3174 ultimum
1297 3107 1503 3193 Epitaphium
1527 3135 1547 3174 a
1567 3117 1671 3178 Philo
1771 3126 1772 3181 ἶ

437 3221 522 3259 muso
536 3202 714 3303 appositum
737 3203 768 3260 in
791 3202 963 3260 memoriam
987 3201 1120 3278 magistri
1143 3200 1272 3259 Joannis
1286 3200 1505 3277 Weidgiessers
1524 3204 1671 3282 analpha
1771 3190 1772 3259 J

438 3277 545 3347 betici'
591 3287 716 3345 2049-
723 3287 800 3346 2079
818 3297 936 3348 vacant.
983 3289 1046 3363 28.)
1063 3288 1139 3345 208·
1143 3287 1276 3346 -233·.
1299 3285 1456 3345 Johaunee
1471 3287 1548 3358 Erlr,
1572 3289 1671 3348 Intro-

438 3372 605 3431 ductorium
628 3372 719 3432 breve
742 3373 1018 3452 cosmographioum
1034 3371 1072 3431 ad
1087 3371 1243 3431 Ptolomaei
1257 3371 1383 3431 tabulas.
1420 3371 1582 3432 Proemisaa
1601 3385 1671 3434 sunt
1771 3398 1772 3403 ¹

436 3459 494 3516 tria
516 3459 730 3556 epigrammata
745 3460 776 3517 in
796 3458 915 3518 laudem
939 3460 1066 3517 auctoris
1090 3460 1166 3517 208·
1171 3457 1310 3517 2099.
1346 3456 1526 3516 Prooemium
1544 3461 1669 3518 2329-

440 3545 538 3600 233·“
530 3563 561 3601 ιιι
576 3543 635 3602 fine
650 3545 767 3622 legitur,
791 3563 865 3623 opus
889 3545 995 3602 209·
986 3546 1092 3623 incip.:
1114 3532 1278 3622 ‘Principia
1282 3552 1388 3646 'captu
1410 3535 1530 3604 facilia'
1560 3546 1669 3626 Expt:
1771 3584 1772 3605 ι

434 3617 472 3686 ‘si
488 3628 584 3687 fauste
601 3631 719 3708 incepta
741 3629 778 3688 ad
802 3630 912 3688 calcem
936 3649 1032 3710 nsque
1053 3629 1236 3709 perduxerit.
1260 3628 1333 3689 dixi.
1387 3627 1511 3686 2339-
1518 3631 1600 3690 2369
1618 3653 1669 3691 ra·
1771 3622 1772 3645 ¹

440 3724 516 3774 cant.
563 3715 624 3790 29.)
649 3717 724 3774 237·
729 3717 867 3776 -.2389
888 3707 1033 3774 indictio
1056 3725 1086 3774 et
1109 3715 1282 3773 connotatio
1304 3714 1453 3791 generalis
1477 3717 1600 3775 concilii
1622 3719 1668 3776 Pi·

441 3799 505 3858 sani
527 3819 582 3878 per
604 3821 711 3861 nouem
734 3801 765 3861 S.
781 3802 865 3860 Rom
890 3801 1027 3860 Ecclesia
1043 3799 1218 3860 Cardinales
1240 3801 1376 3858 intimata
1398 3809 1428 3858 et
1450 3801 1533 3859 edita
1554 3805 1667 3863 medio-

438 3885 499 3944 lani
522 3884 561 3944 ad
584 3885 719 3947 doctores
743 3888 945 3947 universitatis
960 3875 1224 3990 ΙιιςοΙιιιιάἰιιιιιὶιῖ
1262 3886 1371 3964 Incip..
1391 3876 1479 3946 Cum
1495 3888 1668 3968 frequentes

438 3971 623 4046 generalium
647 3971 894 4034 conciliorum...
900 3963 1052 4050 Ἐιιιι1ι
1070 3964 1185 4031 ‘Vestri
1206 3971 1311 4030 fratres
1334 3973 1477 4050 Episcopi
1491 3971 1670 4054 Presbyteri

438 4056 619 4118 DiaconiS.
641 4059 677 4118 R.
701 4059 737 4120 E.
762 4059 937 4118 Cardinales
965 4079 1018 4138 pro
1044 4058 1122 4117 bono
1144 4058 1310 4117 Ecclesie'
1303 4077 1333 4115 ιιι
1355 4057 1539 4118 Lombardia
1561 4081 1670 4120 conue-

439 4142 555 4202 nientes
577 4163 631 4222 pro
654 4164 687 4204 se
710 4154 740 4204 et
762 4145 973 4204 adherentibus
1002 4143 1058 4203 sibi
1086 4143 1123 4202 ad
1146 4143 1328 4202 mandatum.
1365 4144 1414 4203 De
1436 4145 1581 4205 mandato
1604 4137 1667 4207 (ιιι.’

440 4226 648 4306 Sigismuudus
671 4231 828 4309 Pyudarus
852 4229 1044 4290 Secretarius.
1101 4231 1176 4287 239·
1181 4228 1308 4287 -2439
1327 4238 1446 4290 vacant.
1479 4231 1569 4331 30.)
1594 4235 1669 4291 244·

438 4313 577 4375 -2469,
598 4307 739 4374 Oronica
761 4317 861 4376 brevis
884 4318 977 4374 marie
993 4315 1116 4392 virginis
1132 4315 1170 4374 de
1185 4307 1309 4374 Loreto.’
1349 4314 1456 4393 Incip..
1479 4304 1574 4376 ‘Nota
1588 4317 1669 4420 quod

440 4399 519 4458 alma
548 4401 674 4460 ecclesia
705 4401 793 4461 beate
820 4400 979 4463 Maris...
982 4393 1134 4480 'Expla
1162 4390 1286 4460 ‘dictam
1316 4411 1362 4460 est
1393 4401 1531 4479 superius
1561 4395 1667 4463 amso.'

440 4473 563 4543 247·-
572 4487 647 4545 2489
666 4497 784 4547 vacant.
830 4483 895 4570 31.)
919 4447 995 4546 249·
1001 4487 1137 4546 -2609,
1161 4483 1260 4546 Gnido
1283 4487 1321 4546 de
1344 4485 1499 4558 Columna
1524 4489 1667 4549 Historiae

439 4569 509 4647 Troj
513 4589 577 4630 anae
598 4573 804 4674 fragmentum.
860 4571 926 4653 32.)
951 4575 1026 4632 261·
1034 4575 1168 4633 2-65·.
1203 4571 1350 4651 Georgius
1374 4571 1496 4632 Schmid
1519 4575 1668 4634 Werden-

436 4653 589 4756 hargerus,
606 4657 654 4718 De
668 4661 811 4719 memoria
827 4659 983 4722 artificiali.
1016 4659 1126 4738 Incipe
1145 4649 1302 4717 ‘Memoria
1317 4653 1538 4721 artificiosa.'
1563 4660 1668 4738 Expl:

436 4731 930 4825 ‘firmitercogitantisinscriptioff
978 4744 1102 4804 2659-
1109 4744 1186 4803 2719
1206 4753 1323 4804 vacant.
1368 4747 1431 4820 33.)
1448 4747 1525 4804 272·
1531 4745 1669 4806 -·.2819
