3709 5734
348 792 504 864 Prosper
525 793 693 864 Aquitanas,
714 792 922 862 Responsiones
937 793 974 846 ad
990 800 1121 865 excerpta
1135 809 1198 863 quai
1214 793 1249 846 de
1264 791 1407 847 Genuensi
1427 792 1463 847 ci·

525 879 611 933 vitate
633 885 698 931 sunt
719 878 805 931 missa

394 990 436 1001 -
479 963 686 1033 Responsiones
708 972 805 1018 contra
827 963 921 1033 capite
944 963 1131 1033 objectionum
1154 962 1401 1019 Vincentianorum
1452 1002 1458 1014 .
1555 962 1625 1031 752,
1645 964 1669 1017 3.

397 1078 438 1085 —
483 1050 643 1104 Sententiae
665 1050 695 1102 in
716 1049 794 1103 libris
817 1048 845 1103 S.
868 1049 1020 1119 Augustini
1069 1088 1076 1102 .
1135 1086 1142 1100 .
1195 1086 1202 1100 .
1263 1084 1270 1099 .
1325 1087 1331 1100 .
1389 1089 1395 1101 .
1533 1049 1625 1115 1584,
1646 1048 1669 1102 4.

350 1134 578 1203 Prudentius,
602 1134 729 1189 Clemens
752 1134 892 1201 Aurelius,
915 1134 1085 1204 Apotheosis
1128 1170 1136 1187 .
1192 1172 1199 1185 .
1258 1172 1264 1185 .
1322 1174 1327 1186 .
1384 1122 1536 1203 ‚171,'5.
1562 1134 1631 1202 247,
1646 1134 1669 1187 4.

400 1248 434 1258 -·
483 1220 699 1301 Cathemerinon
721 1220 818 1290 hymni
842 1221 945 1273 1-12
949 1256 1260 1276 ......
1313 1219 1381 1287 171,
1408 1221 1422 1272 1
1449 1226 1478 1273 et
1500 1220 1528 1273 3.
1553 1220 1624 1286 247,
1646 1222 1670 1273 1.

396 1329 434 1339 -
478 1306 643 1377 Diptychon
658 1305 905 1360 siveEnchiridion
920 1306 1066 1377 utriusque
1081 1304 1241 1360 testamenti
1285 1306 1353 1373 171,
1370 1306 1397 1359 4.
1423 1306 1535 1373 233,1.
1560 1304 1630 1373 247,
1645 1304 1670 1359 3.
1755 1316 1759 1325 '

392 1418 434 1428 -—
478 1392 697 1463 Hamartigeniae
720 1391 766 1445 lib.
789 1392 812 1445 Ι.
834 1409 860 1445 v.
886 1391 1010 1446 1-402
1063 1428 1456 1446 .......
1554 1391 1625 1458 171,
1646 1390 1670 1443 6.

391 1503 433 1513 -
476 1477 580 1547 Hymni
604 1478 712 1548 aliquot
745 1514 1457 1531 ............
1530 1475 1670 1545 445,10.
1729 1538 1733 1553 .

394 1595 432 1604 —
477 1562 583 1633 Hymni
604 1562 633 1615 in
657 1566 685 1616 S.
709 1563 896 1632 vincentium,
919 1562 1090 1617 Emeterium
1113 1568 1141 1618 et
1163 1561 1357 1617 Chelidonium
1386 1602 1392 1615 .
1451 1604 1457 1615 .
1530 1562 1603 1628 445,
1629 1562 1670 1615 13.

392 1676 434 1685 -
477 1648 511 1700 ln
534 1648 730 1718 Symmachum
752 1648 815 1703 libri
837 1651 893 1704 duo
941 1686 1456 1702 .........
1554 1647 1625 1709 247,
1647 1646 1671 1699 6.

392 1761 435 1772 -
478 1732 705 1803 Peristcphanon'
722 1734 794 1789 liber
1420 1734 1489 1801 171,
1507 1734 1535 1787 2.
1560 1732 1630 1801 247,
1647 1730 1670 1785 2.

394 1847 435 1855 -·
478 1818 701 1889 Psyehomachia
751 1856 1333 1875 ..........
1417 1819 1489 1883 247,
1507 1818 1542 1873 5.·
1560 1819 1671 1883 320,1.

348 1904 520 1957 Ptolemae
528 1922 580 1973 us,
604 1903 654 1972 Cl,
677 1905 798 1975 Magnae
809 1904 1018 1975 compositionis
1030 1904 1093 1960 libri
1105 1902 1140 1959 G.
1153 1903 1342 1974 'lhapeauntio
1354 1903 1507 1975 interprete
1628 1902 1671 1956 24.

349 1988 499 2043 Publius
522 1990 609 2059 Syrus
631 1990 741 2056 Mimas,
765 1990 916 2045 Sententiae
939 1990 1047 2060 aliquot
1070 2026 1460 2045 .......
1555 1988 1626 2057 299,
1647 1987 1672 2041 3.

352 2075 586 2142 Quintianus,
609 2075 648 2143 S,
671 2074 904 2131 Anathematismi
926 2078 963 2130 ad
985 2076 1097 2130 Petrum
1122 2074 1332 2129 Antioceuum.
1390 2114 1397 2127 .
1453 2112 1460 2126 .
1554 2074 1626 2143 897,
1648 2074 1672 2127 9.

351 2160 614 2229 Quintilianus,
636 2161 674 2215 M.
697 2162 739 2229 F,
762 2162 971 2217 Institutionum
994 2162 1177 2217 oratoriarum
1200 2161 1262 2214 libri
1325 2198 1331 2211 .
1390 2205 1395 2212 .
1436 2160 1581 2215 30101.
1608 2158 1672 2214 105.

351 2246 630 2309 Qiioduultdeus
653 2253 681 2301 et
704 2246 731 2301 S.
750 2246 999 2317 Augustinus,
1023 2247 1067 2301 De
1082 2246 1244 2301 haeresibus
1258 2244 1430 2316 inquirendis
1452 2286 1459 2299 .
1576 2246 1625 2315 16,
1647 2244 1672 2297 4.

348 2330 518 2385 Rabanus
541 2332 671 2400 Maurm,
701 2330 922 2388 Commentarius
945 2332 974 2387 in
995 2332 1123 2387 Exodum
1145 2349 1169 2386 e.
1197 2345 1291 2402 expos.
1314 2330 1465 2385 Walafridi

395 2620 432 2628 -
479 2586 701 2642 Commentarius
723 2589 752 2642 iu
773 2588 956 2660 Evangelium
980 2588 1105 2643 Matthaei
1197 2625 1204 2639 .
1261 2628 1268 2643 .
1327 2624 1334 2639 .
1378 2588 1448 2655 925,
1466 2589 1493 2641 1.
1518 2587 1590 2655 988,
1608 2540 1674 2641 9911

393 2702 436 2711 —
480 2672 701 2727 Commentarius
723 2674 751 2727 in
773 2674 859 2729 libros
881 2674 981 2729 Jndith
1004 2680 1033 2728 et
1053 2674 1156 2730 Esther
1197 2712 1459 2730 .....
1555 2673 1626 2741 741,
1648 2672 1674 2725 4.

392 2783 436 2792 -
480 2759 679 2813 Commentarii
700 2759 729 2813 in
751 2759 838 2814 libros
859 2760 1010 2831 Regum.
1067 2801 1073 2813 .
1132 2801 1138 2813 .
1195 2802 1200 2814 .
1258 2778 1265 2814 .
1323 2800 1329 2811 .
1396 2758 1467 2826 941,
1485 2759 1513 2811 2.
1539 2758 1673 2827 1000,1.

393 2870 434 2879 -
478 2844 523 2898 nb
545 2832 786 2899 benedictionibus
807 2844 928 2901 filiorum
950 2844 1042 2901 Jacob
1147 2831 1150 2839 '
1553 2844 1624 2911 ebe,
1649 2843 1674 2897 e.

396 2962 433 2971 -—
479 2928 523 2983 De
545 2930 706 2985 inventione
728 2931 887 3003 linguarum
938 2966 1457 2986 .........
1510 2930 1604 2998 1010,
1630 2928 1674 2981 10.

391 3004 433 3051 -’-
477 3014 523 3069 De
544 3015 676 3088 gravibus
698 3016 861 3071 mortalibus
882 3016 1007 3087 peecatis
1066 3051 1458 3071 .......
1533 3016 1626 3084 1595,
1650 3013 1675 3067 7.

395 3134 431 3142 -
476 3100 522 3154 De
543 3101 703 3157 inventione
725 3102 883 3173 linguarum
939 3138 1456 3158 .........
1532 3100 1626 3167 1609,
1649 3098 1674 3151 2.

390 3216 433 3225 -
473 3186 518 3241 De
540 3186 669 3241 laudibus
692 3187 721 3241 S.
744 3186 842 3244 Crucis
873 3223 1138 3242 .....
1225 3186 1295 3241 652.
1320 3186 1390 3239 908.
1415 3186 1485 3238 911.
1511 3186 1604 3253 1355,
1629 3182 1676 3239 29.

392 3300 432 3309 -
477 3272 522 3326 De
544 3272 725 3327 sacramentis
1415 3272 1506 3338 1050,
1532 3272 1558 3325 1.
1586 3270 1675 3325 1073.

392 3386 433 3393 -
477 3358 522 3411 De
543 3358 716 3412 vestimentis
738 3358 960 3413 sacerdotalibus
1004 3400 1012 3415 .
1068 3397 1076 3414 .
1132 3396 1140 3411 .
1191 3358 1328 3427 914,13.
1354 3356 1490 3417 16405.
1517 3356 1610 3425 1761,
1629 3354 1675 3409 14.

392 3470 432 3479 -
476 3442 521 3497 De
543 3442 692 3497 virtutibus
714 3450 744 3497 et
764 3444 839 3497 vitiis
873 3480 1394 3499 .........
1457 3442 1529 3511 842,
1553 3442 1627 3510 956,
1651 3442 1676 3493 1.

390 3556 434 3565 -
477 3528 605 3597 Epistola
626 3530 663 3582 ad
684 3528 859 3583 isanbertum
1553 3526 1627 3595 966,
1650 3526 1677 3579 4.

394 3636 431 3645 -
478 3610 497 3680 (ε
512 3612 527 3665 'l
542 3610 561 3681 ε)
583 3613 711 3683 Epistola
733 3615 770 3667 ad
791 3612 996 3669 virdunensem
1019 3613 1182 3683 episcopum
1258 3652 1266 3669 .
1321 3654 1328 3669 .
1386 3652 1393 3667 .
1450 3652 1457 3667 .
1531 3612 1604 3682 956,
1630 3614 1677 3666 21.

392 3724 433 3735 —-
475 3698 616 3769 Excerpta
637 3699 758 3771 liturgici
780 3699 937 3771 argumenti
959 3717 993 3755 ex
1020 3698 1151 3769 operibus
1193 3732 1459 3755 .....
1532 3698 1605 3765 914,
1631 3696 1677 3751 15.

393 3812 433 3820 —
478 3782 651 3839 Glossarium
672 3784 947 3840 latino-dieodiscum
991 3820 1457 3842 ........
1554 3784 1627 3852 162,
1651 3782 1678 3836 9.

392 3896 434 3905 —·
477 3869 601 3923 Homilia
623 3871 658 3925 de
679 3870 751 3925 libro
773 3870 963 3941 generationis
984 3868 1110 3923 Matthaei
1133 3870 1251 3940 apostoli
1321 3907 1331 3926 .
1384 3907 1391 3922 .
1450 3908 1458 3923 .
1554 3870 1628 3937 701,
1651 3866 1678 3921 5.

397 3980 437 3989 -·
481 3954 607 4009 Litterae
628 3974 755 4027 graecae,
778 3956 936 4024 hebraicae,
958 3954 1051 4009 Ethici
1073 3960 1102 4009 et
1123 3954 1392 4030 Marcomannorum,
1413 3970 1467 4013 nee

500 4058 557 4093 nou
578 4046 819 4112 monogrammata
839 4041 869 4094 in
891 4039 1024 4111 operibus
1066 4078 1392 4101 ......
1437 4038 1530 4109 1761,
1554 4040 1573 4093 3
1598 4044 1630 4093 et
1651 4036 1679 4091 4.

395 4148 432 4157 -·
479 4126 665 4191 Quaestiones
687 4128 722 4181 de
744 4126 888 4198 theologia
938 4160 1458 4184 .........
1553 4124 1629 4193 956,
1655 4122 1681 4177 7.

393 4240 435 4247 -
477 4212 653 4281 Responsum
675 4213 711 4266 ad
734 4212 926 4282 quaestionem
946 4210 1133 4281 theologicam
1194 4248 1458 4273 .....
1532 4210 1605 4278 956,
1632 4210 1682 4263 22.

350 4296 565 4365 lladcvicus,
599 4297 719 4369 Frising.
747 4297 814 4352 eccl.
843 4314 913 4365 can,
942 4294 1122 4351 continuatio
1151 4298 1243 4369 operis
1271 4298 1381 4357 Ottonis
1408 4298 1468 4356 Eli·

501 4382 572 4453 sing.
596 4384 631 4436 de
652 4382 795 4437 Eriderico
818 4382 840 4436 1.
863 4382 933 4452 Imp.

349 4467 557 4536 lladulplrus
579 4468 741 4536 Plaicensis,
765 4466 963 4522 Commentarii
984 4467 1014 4521 iu
1035 4467 1192 4525 Ireviticum
1259 4509 1266 4525 .
1325 4512 1332 4526 .
1385 4512 1393 4528 .
1450 4508 1458 4523 .

390 4580 432 4588 -
475 4552 742 4609 Commentariorum
763 4553 792 4606 in
814 4552 970 4608 Leviticum
991 4554 1082 4623 parsI
1084 4590 1456 4609 .......

282 4652 287 4659 ·
391 4666 430 4675 -
476 4637 742 4695 Commentariorum
763 4638 794 4692 in
814 4638 972 4694 Leviticum
993 4638 1057 4692 libri
1079 4638 1175 4694 decern
1198 4642 1394 4710 posteriores.
1450 4680 1458 4696 .

346 4724 569 4779 Raimundus
591 4726 626 4780 de
658 4723 837 4792 Pennaforti,
871 4722 1186 4781 SummaDeoretslium
1208 4726 1375 4785 hexametris
1398 4746 1461 4785 con-

506 4810 619 4868 cinnata
641 4828 658 4865 a
680 4811 803 4882 quodam
824 4809 934 4864 Adamo
1005 4848 1458 4869 ........
