3709 5734
188 2621 232 2678 ubi
257 2623 322 2682 usui
346 2643 415 2682 esse
433 2623 530 2682 visum
553 2631 607 2695 est,
630 2622 812 2700 singularum
835 2621 963 2700 partium
985 2621 1079 2679 initiis
1101 2640 1136 2678 oc
1157 2619 1274 2678 finibus.
1311 2619 1450 2700 Denique
1472 2618 1511 2677 ad

189 2755 296 2817 codices
318 2778 338 2817 a
361 2759 447 2818 nobis
470 2759 634 2838 descriptos
657 2758 682 2816 si
705 2779 764 2838 qua
786 2758 871 2816 utilia
894 2759 924 2816 in
947 2757 1157 2816 vetustioribus
1179 2755 1326 2815 indicibus
1349 2755 1510 2828 Lembecfi,

187 2892 302 2967 Denisii‚
326 2894 502 2954 Endlicheri
524 2903 554 2954 et
576 2895 700 2954 aliorum
722 2894 916 2974 habebantur,
939 2894 1070 2953 breviter
1092 2893 1333 2971 significavimus.

279 3030 426 3090 Codicum
447 3031 505 3090 hoc
518 3031 605 3090 modo
628 3033 781 3091 institutae
797 3033 963 3090 recensioni
986 3031 1120 3110 duplices
1143 3031 1321 3090 subiecimus
1345 3029 1458 3088 indices
1481 3036 1511 3086 st

188 3175 334 3226 auctorum
359 3175 388 3225 et
409 3166 549 3226 librorum
573 3187 796 3247 anonymorum.
842 3165 975 3241 Quorum
1004 3167 1134 3225 indicum
1161 3166 1210 3223 hic
1232 3167 1386 3244 posterior,
1410 3173 1443 3223 ut
1465 3173 1512 3224 est

188 3321 251 3362 sane
271 3303 458 3374 utilissimus,
483 3305 525 3361 ita
539 3323 597 3362 non
621 3305 746 3382 exiguas
770 3303 913 3362 conditori
926 3303 1114 3363 difficultates
1137 3303 1246 3362 obiicit
1271 3304 1306 3361 Iu
1322 3323 1382 3382 qua
1396 3322 1428 3362 re
1444 3322 1511 3360 cum

97 3413 98 3444 ἶ
186 3457 238 3496 uon
259 3455 323 3499 una·
343 3441 395 3497 via
416 3448 517 3518 pateat
547 3448 578 3499 et
605 3440 665 3499 alia
692 3439 729 3499 ab
757 3440 822 3499 aliis
846 3442 920 3499 inita
942 3442 994 3512 sit,
1026 3439 1111 3500 nobis
1133 3440 1323 3498 multifariam
1352 3439 1510 3497 aestimata

184 3575 289 3636 ratione
304 3577 407 3634 visum
430 3583 484 3648 est,
507 3596 561 3656 per
580 3596 617 3636 ea
637 3596 749 3654 genera
771 3597 985 3655 anonymorum
1008 3577 1175 3654 congeriem
1192 3573 1379 3647 distribuere,
1403 3575 1510 3656 quIbus

183 3709 316 3771 librorum
352 3715 560 3793 impressorum
589 3715 763 3773 varietatem
801 3715 938 3772 ordinare
967 3715 1187 3773 consuevimus:
1217 3734 1342 3794 quorum
1369 3734 1511 3791 generum

182 3868 331 3910 recensum
357 3852 413 3930 ipsi
439 3851 527 3910 indici
551 3851 713 3930 praefixum
738 3852 788 3931 qui
804 3861 941 3910 accurate
965 3853 1137 3929 inspexerit,
1160 3871 1220 3910 nou
1239 3851 1335 3923 facile,
1352 3871 1508 3930 quamnam

181 3986 209 4044 in
230 3990 338 4066 quavis
363 4008 452 4047 causa
474 3997 588 4067 partem
610 3987 717 4048 indicis
739 3988 821 4048 adire
844 3987 960 4059 debeat,
984 3989 1013 4046 in
1037 3987 1175 4065 ambiguo
1198 3986 1342 4048 haerebit.

278 4126 339 4184 His
361 4126 451 4202 igitur
466 4125 638 4199 rationibus,
662 4125 769 4205 quibus
792 4125 848 4183 hoc
863 4127 989 4203 primum
1011 4125 1151 4184 volumen
1174 4125 1371 4195 exaravimus,
1394 4123 1510 4203 reliqua

181 4258 318 4339 deinceps
342 4283 409 4320 cum
433 4261 530 4320 studio
553 4282 773 4343 persequemur,
798 4283 834 4321 oa
856 4283 909 4341 spe
933 4263 1062 4320 animum
1084 4262 1239 4331 lactantes,
1267 4261 1370 4341 peritis
1393 4261 1510 4321 arbitris

182 4394 306 4476 improbi
320 4397 429 4456 laboris
446 4408 474 4456 et
490 4418 616 4474 magnae
631 4399 784 4457 molestiae
800 4419 920 4476 operam
936 4419 995 4456 non
1018 4400 1097 4456 omni
1121 4419 1158 4457 ex
1180 4407 1265 4477 parte
1288 4398 1510 4477 displicituram.

277 4533 434 4592 Dabamus
458 4535 655 4594 vindobonae
677 4556 703 4594 a.
727 4536 755 4594 d.
779 4536 864 4595 VIII.
887 4535 957 4595 Kal.
980 4535 1042 4595 Jul.
1066 4534 1323 4594 MDOOGLXIV.

1529 4532 1554 4580 θ.
