3709 5734
364 696 602 767 Hieronymus
626 694 664 763 S,
687 694 831 766 Epistolae
853 701 883 751 et
904 710 1046 753 sermones
1107 737 1371 756 .....
1401 698 1497 769 3329,
1521 700 1552 769 b,
1576 698 1594 751 7
1618 706 1646 753 et
1666 700 1691 753 9,

408 810 449 821 -
493 782 580 837 Liber
602 781 781 852 epistolarum
846 818 1496 840 ...........
1548 785 1691 850 3329,1.

493 866 623 939 Epistola
644 868 680 921 ad
704 867 862 921 Amandum
884 868 1081 939 presbyterum
1103 905 1493 924 .......
1548 871 1644 935 2111,
1664 871 1690 924 3.

492 952 621 1023 Epistola
644 952 679 1007 ad
703 952 895 1019 Eustochium,
917 971 996 1025 germ
998 991 1494 1010 .........
1548 957 1643 1023 2851,
1664 957 1690 1009 3,

492 1038 620 1109 Epistola
643 1040 677 1093 de
700 1038 801 1093 officiis
823 1038 974 1093 liberorum
997 1057 1065 1112 erga
1086 1045 1218 1111 parentes
1232 1076 1494 1095 .....
1526 1041 1623 1102 3494,
1645 1043 1691 1095 40,

492 1124 620 1194 Epistola
642 1124 780 1195 quaedam
802 1124 958 1196 hungarica
979 1142 1061 1180 versa
1104 1162 1494 1181 .......
1604 1127 1691 1181 3453.

406 1237 450 1247 -
493 1210 616 1264 Exordia
637 1216 758 1280 quatuor
780 1209 998 1281 Evangeliornm
1021 1228 1055 1266 ex
1077 1210 1197 1282 epistola
1218 1212 1256 1265 ad
1277 1212 1439 1267 Helvidium
1488 1253 1495 1266 .
1549 1212 1645 1279 2192,
1666 1214 1691 1267 9,

407 1322 451 1335 -
495 1294 641 1351 Sententia
662 1296 698 1349 ad
722 1295 932 1351 pammachium
975 1334 1491 1351 .........
1523 1298 1691 1364 2111,10.

408 1406 447 1419 -·
494 1380 640 1437 Sententia
661 1398 695 1435 ex
717 1380 780 1435 libr.
804 1380 855 1436 111.
880 1380 1065 1439 Commentar.
1089 1398 1173 1453 super
1194 1382 1369 1437 Matthaeum
1422 1421 1430 1436 .
1488 1379 1646 1447 ,2111,
1666 1384 1692 1437 9,

406 1494 450 1506 -
494 1466 640 1523 Sententia
661 1465 698 1521 ab
718 1466 872 1522 Eusebio'
863 1484 893 1521 11
908 1467 1003 1524 libello
1019 1469 1054 1523 de
1068 1468 1189 1523 11111111
1203 1468 1369 1540 Hieronymi
1383 1468 1501 1540 alligata
1525 1468 1624 1535 3121,
1647 1470 1691 1522 11.

407 1584 449 1595 -
493 1552 581 1607 Liber
603 1553 638 1607 de
660 1552 822 1624 virginitate
843 1590 1492 1610 ...........
1523 1554 1691 1621 3202,16.

407 1668 448 1677 -
495 1638 592 1693 Oratio
652 1674 1492 1695 ..............
1547 1635 1645 1706 3329,
1667 1642 1693 1693 2,

407 1755 451 1766 -
493 1723 603 1794 Regula
625 1722 736 1777 vivendi
780 1760 1492 1779 ............
1546 1726 1645 1791 3329,
1665 1727 1692 1779 4,

408 1840 448 1849 -
494 1807 789 1865 vesanissima
844 1844 1493 1867 ...........
1523 1807 1691 1877 320215.
1746 1809 1747 1892 1

406 1924 450 1935 -
493 1894 619 1949 Historia
641 1894 676 1949 dc
698 1893 810 1949 Malcho
832 1892 970 1949 monacho
1041 1931 1494 1951 ........
1526 1897 1692 1958 320213
1746 1907 1747 1954 1

407 2011 448 2021 -
493 1980 561 2035 Vita
583 1979 611 2034 S.
634 1978 716 2034 Pauli
738 1979 819 2051 primi
842 1980 996 2036 heremitae
1037 2020 1046 2038 .
1102 2020 1109 2035 .
1138 1981 1230 2047 3202,
1256 1979 1303 2035 14.
1328 1980 1420 2051 3420,
1447 1980 1497 2035 23.
1524 1983 1625 2045 3494,
1648 1983 1693 2036 39.
1746 1975 1747 2064 l

408 2100 448 2110 -
493 2064 668 2121 Testimonia
689 2066 724 2120 de
746 2064 896 2121 Lactantio
911 2102 1493 2122 ..........
1549 2066 1692 2133 31981.
1746 2137 1747 2140 ¹

407 2184 450 2195 -
493 2150 696 2206 Testimonium
720 2152 755 2205 de
778 2150 886 2206 Seneca
911 2187 1493 2207 ..........
1549 2153 1646 2216 3151,
1668 2153 1693 2207 5.
1746 2165 1747 2224 ,

409 2268 450 2277 -
494 2237 627 2304 Pseudo,
643 2236 772 2306 Epistola
787 2236 907 2307 qualiter
921 2235 1017 2290 cleriei
1032 2236 1127 2291 rivere
1143 2236 1266 2291 debeant
1280 2238 1309 2290 in
1324 2236 1499 2293 hocmundo
1548 2238 1693 2307 2111,1.
1746 2249 1747 2306 ἢ

409 2352 447 2363 -—
493 2322 655 2393 hispanicus
677 2322 822 2387 heremita,
846 2322 985 2377 Doctrina
1011 2323 1047 2376 ad
1075 2323 1188 2377 morbos
1210 2322 1413 2393 pestilentiales
1434 2341 1498 2395 per·

540 2408 679 2462 sanandos
720 2444 1492 2464 ............
1525 2410 1625 2478 3160,
1647 2410 1692 2463 49.

408 2524 448 2533 -
493 2494 528 2548 de
550 2492 688 2559 Vellibus,
711 2491 829 2547 desuida
852 2510 914 2547 cum
937 2492 1037 2564 glossis
1102 2532 1492 2550 .......
1525 2495 1692 2558 340015.

408 2608 449 2618 -
493 2596 511 2633 1
532 2578 614 2633 Valle
637 2578 695 2631 sire
717 2577 856 2647 Vallibus,
879 2577 999 2634 Carmen
1022 2578 1149 2634 (111111
1171 2577 1275 2633 Christi
1297 2580 1429 2651 passione
1485 2576 1623 2645 3.110,
1649 2582 1693 2633 10.

365 2664 529 2719 Hilarius
553 2662 744 2730 pictaviensis,
769 2663 813 2717 De
834 2664 959 2718 trinitate
982 2663 1046 2717 libri
1067 2664 1215 2719 duodecim
1228 2702 1491 2720 .....
1584 2659 1693 2721 2130*-

364 2748 604 2806 Hildebertus
626 2748 807 2820 Turonensis,
832 2747 964 2803 Carmina
986 2750 1125 2820 quaedam
1164 2790 1171 2803 .
1227 2790 1236 2805 .
1290 2788 1299 2806 .
1354 2791 1362 2806 .
1407 2750 1694 2819 2521,151118

407 2864 446 2875 -
493 2835 598 2890 Versus
654 2872 1491 2891 ..............
1523 2838 1691 2899 244211.

409 2951 447 2959 -
493 2921 594 2991 Elegia
616 2922 651 2975 de
673 2918 806 2990 mysterio
828 2918 938 2975 hostiae
960 2936 1057 2975 sacrae
1098 2959 1493 2977 .......
1546 2922 1693 2990 2521,1.

408 3038 445 3048 -
492 3005 611 3061 Carmen
635 3006 670 3059 de
691 3005 825 3075 mysterio
848 3006 980 3061 missae.
1037 3047 1043 3059 .
1101 3047 1107 3059 .
1292 3045 1298 3058 .
1356 3046 1363 3059 .
1420 3049 1428 3061 .
1482 3008 1622 3076 .2521,
1646 3008 1691 3062 23.

410 3126 445 3136 -
491 3091 673 3162 Epitaphium
697 3090 821 3145 Senecae
845 3090 938 3159 3094,
963 3092 1012 3146 10.
1036 3090 1128 3160 3134,
1152 3045 1179 3144 2.
1204 3042 1296 3161 3151,
1320 3092 1348 3146 2,
1372 3092 1465 3160 3164,
1489 3094 1519 3147 2,
1545 3094 1644 3153 3330,
1665 3093 1691 3147 3.

407 3208 448 3217 -
492 3177 559 3232 Vita
582 3177 610 3232 S.
633 3176 741 3231 Mariae
764 3176 958 3247 Aegyptiacae
971 3215 1491 3233 .........
1523 3180 1622 3247 2521,
1645 3179 1692 3232 20.

363 3263 615 3335 Hildegardis,
639 3260 677 3329 S.,
699 3262 850 3315 Tractatus
873 3263 908 3317 dc
929 3268 1028 3331 morte,
1050 3279 1209 3336 germanice
1230 3300 1492 3318 .....
1524 3264 1692 3331 213912.

405 3380 448 3388 -
491 3348 695 3415 Revelationes,
719 3347 879 3418 germanice
910 3386 1493 3403 ..........
1546 3351 1643 3417 2139,
1663 3351 1691 3403 5.

363 3436 621 3507 Hippocrates,
646 3432 805 3503 Aphorismi
841 3432 934 3502 2212,
959 3434 986 3486 1.
1011 3433 1103 3502 2500,
1127 3434 1158 3490 5.
1182 3434 1274 3503 2504,
1299 3435 1327 3489 9,
1351 3434 1444 3504 2524,
1469 3431 1520 3489 10.
1545 3436 1645 3500 2525,
1665 3436 1691 3489 2.

405 3549 449 3558 -
493 3518 653 3590 Aphorismi
676 3535 737 3572 oum
761 3518 925 3573 commentis
948 3517 1049 3573 Caleni
1099 3557 1490 3575 ,,,,,,,
1545 3522 1643 3584 2323
1665 3524 1691 3575 1.

405 3634 448 3645 -
491 3604 663 3675 Fragmenta
685 3603 915 3673 Aphorismcrum
945 3620 962 3657 1
984 3602 1169 3659 Constantino
1193 3605 1325 3660 Africano
1352 3623 1497 3660 versorum
1601 3607 1692 3662 2233.

407 3719 448 3728 -
493 3689 655 3761 Aphorismi
678 3706 740 3743 eum
769 3689 976 3745 commentariis
999 3688 1138 3746 Galenie
1167 3691 1297 3745 versione
1318 3690 1497 3746 Constantini

538 3774 663 3829 Africani
715 3813 1169 3831 ,,,,,,,,
1203 3776 1295 3845 2305,
1318 3778 1347 3831 4,
1371 3777 1465 3849 2315,
1491 3776 1519 3831 l.
1545 3779 1643 3846 2320,
1665 3780 1693 3834 4.

405 3890 448 3901 -
491 3860 652 3931 Aphoriami
675 3861 828 3915 secundum
851 3859 983 3915 materias
1037 3902 1490 3918 ........
1522 3864 1622 3928 2500,
1648 3866 1693 3919 13.

405 3975 445 3988 -
489 3946 618 4017 Epistola
639 3946 676 4001 ad
698 3946 885 4018 Damagetum
909 3946 975 3999 de
967 3946 1078 4001 1111111
1098 3948 1299 4003 Democriti
1351 3984 1359 4001 .
1419 3986 1427 4001 .
1483 3988 1491 4001 .
1546 3950 1645 4018 3116,
1665 3948 1693 4005 4.

406 4064 444 4076 -
490 4032 619 4105 Epistola
641 4031 677 4085 ad
700 4032 877 4087 Thessaliam
898 4030 987 4085 filium
1036 4072 1490 4089 ........
1546 4035 1646 4103 3192,
1666 4038 1694 4091 5.

403 4150 444 4160 -
489 4117 690 4189 Jusjurandum
712 4117 851 4173 latinitate
874 4119 1008 4172 donatum
1030 4134 1047 4172 a
1070 4117 1187 4173 Nicolao
1208 4118 1317 4174 Perotti
1353 4157 1360 4172 .
1418 4162 1424 4174 .
1482 4160 1489 4172 .
1521 4120 1692 4189 3250,15.

404 4234 446 4245 --
488 4203 534 4258 De
556 4220 674 4273 corpore
695 4203 817 4259 hnmano
845 4240 1362 4260 .........
1485 4248 1492 4259 .
1546 4208 1644 4276 2523,
1667 4214 1694 4267 9,

403 4320 446 4332 -
489 4290 534 4344 De
556 4288 664 4343 ratione
686 4289 776 4344 rictus
797 4288 827 4343 in
850 4288 955 4344 morbis
977 4288 1108 4343 acutia.
1165 4331 1171 4343 .
1228 4332 1234 4345 .
1293 4335 1298 4346 .
1372 4288 1465 4359 2433,
1490 4291 1520 4345 4.
1546 4294 1645 4363 2500,
1667 4300 1694 4352 9.

403 4408 441 4418 -
488 4376 533 4431 De
556 4373 651 4428 diaeta
672 4374 1197 4433 1111111111,11111111111011111
1221 4379 1313 4448 2305,
1330 4378 1358 4432 e.
1382 4379 1522 4447 2320,1.
1547 4382 1647 4439 2323.
1666 4385 1694 4437 5.

402 4492 443 4504 -
487 4480 550 4517 cum
574 4460 779 4514 commentariis
803 4462 904 4520 Galeri
927 4469 956 4515 et
976 4462 1050 4515 notis
1071 4464 1299 4535 marginalibus.
1356 4504 1364 4517 .
1421 4505 1428 4518 .
1486 4506 1494 4518 .
1546 4467 1645 4532 2315,
1666 4470 1694 4523 S

402 4580 444 4592 -
487 4548 531 4603 De
553 4546 722 4601 nutrimento
746 4550 927 4615 1111111111ἰί,
951 4549 1104 4616 interprete
1118 4550 1235 4607 Nicolao
1250 4551 1286 4605 de
1301 4549 1428 4622 Regio.
1484 4592 1491 4605 .
1546 4552 1645 4611 2328,
1667 4556 1694 4608 2.

404 4664 441 4673 -
488 4635 532 4689 De
554 4631 643 4703 signis
665 4632 762 4686 mortis
776 4671 1490 4691 ............
1521 4638 1691 4701 2303,11.

402 4748 442 4760 -
487 4720 531 4775 De
554 4736 605 4771 usu
628 4718 842 4788 pharmacorum
904 4760 1490 4777 ..........
1543 4724 1641 4791 2323,
1664 4726 1691 4779 4.
