3709 5734
782 577 885 682 '441

186 812 310 866 111138.
332 813 377 867 De
400 809 759 882 8888888688888866818
777 849 1299 868 .........
1394 813 1464 882 950,
1489 811 1516 866 3.

185 925 228 936 -
270 925 312 934 —
334 899 485 954 'lbactatns
507 899 542 951 de
564 903 704 967 potestate
724 895 866 968 pontilicis
906 933 1298 952 .......
1371 896 1462 968 1587,
1488 899 1518 951 1.

190 1012 222 1020 -
270 1011 312 1020 -
334 985 475 1054 Excerpta
496 983 531 1037 de
553 983 678 1037 censuris
701 983 897 1038 ecdesiasticis
905 1022 1297 1039 .......
1350 982 1441 1048 1438,
1467 984 1516 1038 10.

185 1097 226 1106 -
270 1097 312 1105 -
331 1054 390 1125 ‘ne
409 1068 454 1122 en
476 1069 524 1139 qui
546 1067 716 1123 nuncnunc
736 1069 893 1124 ooueones
907 1057 1107 1125 connectunt
1164 1111 1171 1123 .
1228 1109 1234 1122 .
1292 1109 1299 1125 .
1393 1069 1464 1137 ser,
1488 1069 1517 1123 8.

185 1183 224 1190 -
268 1183 313 1192 -
335 1154 424 1210 Casus
445 1171 537 1225 papae
558 1153 693 1208 reservati
714 1193 1299 1211 ..........
1373 1155 1463 1223 1288,
1488 1155 1516 1209 3.

189 1273 224 1281 -
274 1273 312 1282 -
337 1241 425 1296 Casus
448 1239 741 1294 excommunicationis
764 1239 815 1296 soli
837 1258 929 1312 papae
951 1241 1105 1296 reservati.
1164 1281 1170 1296 .
1228 1281 1234 1296 .
1292 1275 1298 1285 -
1351 1241 1442 1310 1264,
1468 1237 1516 1294 11.

186 1355 226 1364 -
273 1355 311 1363 -
336 1325 469 1381 Formnla
494 1324 647 1394 literarum,
678 1325 781 1397 quibus
802 1326 940 1397 plebanus
968 1335 1144 1400 peccatorem
1172 1325 1303 1382 Pontifici

381 1411 558 1466 commendat
587 1443 610 1464 .·
650 1448 1297 1468 ...........
1351 1413 1443 1480 1589,
1467 1412 1517 1466 14.

186 1526 223 1535 -
269 1525 312 1536 -
334 1496 553 1568 Disqnisitioncs
575 1498 611 1551 dc
633 1497 920 1554 excommunicatione
943 1505 971 1554 st
991 1498 1170 1553 interdicto.
1227 1539 1232 1550 .
1290 1535 1297 1548 .
1373 1495 1463 1564 1682,
1489 1499 1517 1552 5.

185 1611 226 1620 -
272 1611 316 1620 -
337 1583 470 1638 Permula
500 1583 794 1637 excommunicationis
824 1589 854 1638 et
884 1583 1176 1640 anathematizationis
1207 1590 1305 1638 contra

382 1675 510 1740 raptores
532 1673 561 1723 81
580 1669 769 1724 incendiarios

187 1787 223 1796 -
272 1782 311 1791 -
337 1754 426 1809 Casus
447 1754 620 1825 episcopales
644 1793 1298 1810 ...........

113 1842 114 1845 ’
185 1869 224 1877 -
271 1869 312 1877 -
335 1840 468 1896 Formula
488 1840 653 1910 potcstatis,
686 1858 743 1912 qua
765 1841 917 1896 utebantur
944 1839 1151 1912 poenitentiarii
1174 1847 1300 1912 tempore

382 1925 522 1982 lobannis
543 1927 629 1981 XXII
630 1963 1300 1982 ............
1395 1926 1466 1994 415,
1490 1925 1518 1980 4.

185 2041 223 2051 -
273 2043 315 2051 -
338 2013 538 2083 Fragmentum
566 2017 704 2067 tractatus
733 2012 768 2066 de
797 2011 917 2068 ecclesis
945 2019 973 2067 et
1002 2013 1037 2068 de
1065 2013 1191 2084 personis
1214 2011 1301 2068 eccle-

382 2096 501 2152 siasticis
522 2135 1297 2154 .............
1371 2097 1442 2167 273,
1468 2097 1518 2152 12.

183 2215 224 2223 -
271 2217 314 2224 -
336 2185 382 2239 De
411 2183 566 2238 ministerio
598 2182 854 2256 archipresbyteri,
896 2183 1086 2238 archidiaconi
1120 2189 1149 2240 et
1181 2183 1305 2238 custodis

383 2268 519 2324 ecclesiae

184 2386 223 2396 -
275 2383 311 2394 ·-
338 2354 481 2426 Apologia
502 2353 606 2423 clerici,
628 2355 676 2425 qui
695 2355 819 2425 judicem
843 2353 1015 2412 saecularem
1038 2353 1142 2426 sprevit
1166 2395 1173 2410 .
1231 2391 1238 2408 .
1296 2394 1303 2406 .

183 2473 225 2482 —
273 2471 313 2480 -
337 2442 481 2511 Diploma,
504 2458 560 2511 quo
579 2439 704 2512 judicem
720 2440 817 2496 eccles.
841 2441 1038 2514 Mogentinnm
1052 2440 1304 2496 excommunicatos

386 2532 485 2582 evocat
506 2533 538 2581 81
559 2525 717 2598 transigant
738 2545 802 2582 curn
824 2527 996 2584 accusatrice
1040 2564 1302 2582 .....
1429 2523 1520 2578 1305.

184 2643 226 2651 -
276 2640 316 2649 -
340 2613 449 2668 Monita
471 2612 508 2666 ad
530 2611 646 2667 clericos
1377 2609 1468 2678 1574,
1492 2609 1519 2663 5.

185 2727 228 2736 -
275 2727 320 2738 -
343 2698 400 2765 Qui
422 2696 517 2752 clerici
538 2697 729 2753 ecclesiactica
750 2699 878 2770 accipere
900 2700 1024 2755 debeant
1045 2697 1185 2769 stipendia
1232 2735 1239 2750 .
1295 2736 1301 2750 .
1355 2695 1445 2764 1488,
1470 2695 1519 2750 32.

184 2813 226 2821 -
274 2812 314 2823 -
338 2784 383 2839 De
404 2783 458 2852 his,
481 2783 529 2854 qui
550 2785 580 2838 in
601 2785 821 2856 congregatione
843 2787 933 2841 solnm
954 2785 1038 2841 modo
1065 2783 1303 2840 8818801868-

383 2869 458 2924 ricos
480 2869 637 2942 adgregant
653 2907 1300 2926 ...........
1352 2867 1444 2932 1488,
1468 2867 1519 2922 31.

184 2985 227 2995 -
273 2985 316 2994 -
335 2939 432 3021 'Quod
463 2955 493 3008 in
522 2955 727 3028 congregandis
757 2957 899 3011 oenonicis
932 2957 1031 3012 modus
1061 2955 1235 3010 discretionis
1268 2955 1305 3009 sit

383 3025 526 3096 tenendns'
589 3077 1302 3096 ............
1354 3038 1446 3108 1488,
1470 3038 1519 3092 30.

184 3157 216 3164 -
278 3159 313 3167 -
339 3126 379 3182 Ut
406 3127 436 3180 in
463 3127 682 3199 congregatione
709 3127 845 3182 canonica
875 3129 1032 3200 aequaliter
1065 3126 1145 3182 cibus
1173 3131 1201 3181 et
1222 3134 1305 3196 potus

384 3211 540 3282 accipiatur
561 3219 606 3267 818
607 3249 1299 3269 ...........
1354 3209 1445 3278 1488,
1471 3209 1520 3264 38.

184 3325 227 3336 -
279 3329 315 3339 -
340 3296 417 3353 Ordo
439 3297 596 3352 officiorum
618 3297 769 3354 ecclessiae
790 3298 989 3356 Lateranensis
1038 3337 1302 3354 .....
1376 3296 1468 3364 1482,
1491 3294 1520 3348 4.

182 3410 225 3419 -
274 3411 316 3419 -
335 3367 423 3438 ‘uota
443 3383 611 3438 erectorum
632 3384 662 3437 sn
684 3369 860 3440 alemannie
911 3423 1301 3439 .......
1376 3381 1468 3448 8888,
1492 3380 1521 3434 8.

186 3495 225 3505 -·
275 3496 316 3506 -
338 3469 466 3524 Virtutes
487 3469 613 3540 episcopi
655 3507 1302 3526 ...........
1377 3465 1468 3534 1284,
1492 3466 1520 3520 4.

186 3587 227 3596 -
275 3581 317 3591 -
338 3554 515 3609 Provinciale
537 3555 725 3626 praelatorum
780 3593 1301 3611 .........
1396 3553 1468 3617 562,
1492 3551 1521 3606 3.

182 3669 228 3678 -
278 3667 311 3676 -
338 3639 491 3712 Catalogns
513 3658 618 3709 eorum,
640 3642 689 3713 qui
710 3648 841 3698 tenentur
862 3661 1006 3697 romanam
1029 3640 1176 3697 ecclesiam
1197 3641 1311 3695 visitare
1398 3639 1470 3706 369,
1493 3632 1521 3691 2.

185 3754 225 3762 -
275 3726 383 3781 -Dc
405 3727 477 3782 votis
499 3727 677 3782 sacerdotum
727 3768 733 3779 .
791 3768 797 3779 .
852 3769 860 3781 .
916 3768 923 3782 .
982 3766 988 3778 .
1046 3769 1052 3783 .
1111 3766 1118 3779 .
1176 3767 1182 3780 .
1213 3725 1305 3794 1756,
1330 3726 1356 3778 1.
1382 3724 1473 3788 1758,
1491 3723 1521 3777 2.

179 3839 230 3848 -
276 3839 318 3847 -
338 3811 486 3867 Ordinatio
508 3812 643 3867 abbatum
666 3831 700 3868 ex
722 3831 830 3870 canone
851 3813 993 3882 Theodori
1040 3849 1303 3870 .....
1377 3809 1469 3876 1854,
1493 3809 1521 3862 9.

181 3925 229 3934 -
275 3925 317 3934 -
338 3898 490 3952 Tractatus
512 3899 547 3952 de
569 3899 702 3971 conjugio
723 3899 802 3954 fund.
825 3919 887 3970 sup.
911 3900 1093 3954 conciliorum
1115 3899 1235 3955 decretis
1296 3935 1301 3948 .
1354 3890 1520 3964 1180,11.

181 4009 226 4018 -
278 4011 315 4018 -
338 3985 380 4038 08
403 3984 589 4039 matrimonio.
612 3985 754 4055 Excerpta
775 4003 808 4040 88
832 3987 964 4057 operibus
986 3986 1102 4040 Petrum
1167 4025 1174 4038 .
1231 4023 1238 4037 .
1296 4023 1303 4037 .
1356 3982 1447 4049 1370,
1473 3979 1521 4033 19.

183 4095 226 4104 -
278 4095 315 4103 -
340 4068 450 4124 Causae
472 4070 657 4140 impedientes
679 4071 884 4127 matrimonium
913 4109 1304 4126 .......
1378 4066 1470 4134 1284,
1494 4066 1522 4118 2.

182 4181 229 4190 -
278 4181 317 4189 -
340 4155 541 4226 Fragmentum
563 4157 599 4210 de
621 4157 732 4210 casibus
755 4157 1005 4228 consanguinitatis
1042 4193 1305 4210 .....
1378 4153 1469 4220 1682,
1493 4151 1509 4204 4

181 4266 229 4274 -
279 4265 315 4275 -
342 4240 474 4312 Capitnla
496 4242 532 4295 de
554 4249 662 4312 septem
683 4242 818 4312 gradibus
841 4242 1093 4314 consanguinitatis
1170 4281 1177 4293 .
1233 4278 1239 4292 .
1297 4277 1303 4290 .
1399 4234 1469 4305 354,
1494 4237 1521 4290 5.

182 4357 226 4366 -
278 4351 318 4360 —
337 4311 466 4396 ‘Causae
476 4334 590 4398 propter
602 4344 672 4398 quas
684 4345 740 4381 uon
753 4329 895 4398 potestvir
906 4327 943 4382 ob
954 4328 1168 4383 fornicationem
1176 4309 1309 4396 separari'
1379 4319 1470 4390 1682,
1494 4322 1521 4374 6.

183 4442 227 4450 —-
280 4438 320 4447 -
342 4412 510 4467 Notationes
532 4414 568 4467 de
590 4413 780 4483 poenitentiis,
803 4413 904 4485 quibus
926 4413 1050 4468 incestus
1074 4413 1201 4484 expiatur
1234 4451 1240 4464 .
1298 4449 1305 4462 .
1400 4405 1469 4476 219,
1494 4402 1522 4459 2.

179 4523 231 4532 -
279 4523 317 4533 —
341 4499 526 4563 Quaestiones
549 4499 637 4554 duae:
663 4499 698 4553 de
712 4499 885 4572 presbyteris
900 4501 1116 4554 excomunicatis
1128 4505 1157 4553 et
1172 4499 1207 4554 de
1222 4497 1306 4554 cbris-

386 4591 461 4639 mate
483 4603 681 4655 campanarum
718 4622 1301 4640 ..........
1399 4579 1469 4648 948,
1495 4579 1521 4632 6.

178 4696 230 4707 -
281 4695 321 4704 -
341 4669 386 4724 De
407 4671 588 4740 inquisitione
610 4670 815 4725 haereticorum
849 4707 1304 4727 ........
1399 4666 1469 4734 574,
1495 4667 1521 4718 9.

176 4782 229 4790 --
282 4781 319 4790 -
342 4755 528 4821 Quaestiones
550 4757 652 4828 quibus
674 4757 808 4812 haeretici
830 4757 1023 4812 cxamincntur
1041 4795 1303 4812 .....
1379 4751 1469 4817 1688,
1495 4751 1521 4804 7.

230 4849 258 4898 Ι.
1278 4841 1317 4894 29
