3709 5734
226 500 399 557 asa-aso
822 492 887 563 149

269 687 429 746 virtutibus
452 696 482 745 et
503 687 598 758 vitiis,
607 688 776 789 praecipue
797 686 868 745 fidei
901 694 931 744 et
952 686 1093 745 avaritia.
1138 686 1267 745 Robrica
1289 706 1371 788 aegre
1389 684 1517 764 legibilis

270 774 473 832 verisimiliter
503 772 588 830 fuit:
607 763 790 850 Incipit.
844 791 990 831 .summa
1022 772 1179 830 vitiorum!
1223 771 1335 851 Iucip.:
1363 763 1517 831 ‘Destituit

269 869 365 918 terras
395 858 486 917 decus
513 857 593 916 orbis
622 858 718 935 gloria
745 877 879 917 rerum..
893 857 1096 935 JExplicit:
1115 848 1163 917 ‘In
1185 858 1312 937 quodam
1335 876 1434 917 secum
1457 858 1516 915 cul-

267 947 351 1004 mine
372 945 454 1023 pacis
477 944 588 1002 ouans.²
655 943 696 1022 2)
655 942 784 1001 2199.
829 904 940 1001 Potina
961 941 1193 1001 hexametricum
1216 943 1253 1001 de
1270 943 1439 1001 animalium
1459 943 1517 1001 cla-

268 1030 410 1090 moribus.
444 1029 568 1107 Incipit.
586 1019 641 1088 Vt
655 1028 770 1087 balatus
786 1029 850 1087 ouis
865 1030 907 1087 sic
922 1035 968 1086 est
981 1029 1080 1107 rugire
1095 1028 1208 1087 leonis!
1240 1026 1389 1107 Explicit.
1407 1019 1517 1087 Mellis

269 1125 367 1175 mater
398 1136 469 1194 apes
499 1114 624 1173 obscura
645 1116 776 1173 susurria
797 1114 907 1173 iactes’
974 1114 1015 1193 3.)
1042 1113 1131 1171 199-
1140 1112 1202 1171 209.
1246 1114 1358 1172 Poema
1379 1113 1517 1173 hexame-

270 1204 379 1260 trioum
401 1202 439 1261 de
461 1200 621 1260 certamine
642 1201 784 1258 virtutum
804 1209 834 1259 et
849 1200 996 1258 vitiorum.
1030 1200 1154 1278 Incipit.
1173 1190 1247 1257 ‘Vos
1263 1220 1313 1279 qur
1305 1199 1383 1259 'suh
1399 1198 1516 1258 Christo

271 1288 384 1346 mundo
407 1288 525 1346 certatis
548 1286 578 1343 in
600 1286 674 1343 isto!
707 1285 855 1363 Explicit:
873 1275 979 1343 Amor
1001 1286 1145 1344 scelerum
1168 1292 1213 1343 est
1228 1304 1328 1343 carcer
1342 1284 1419 1357 telis,
1444 1285 1518 1343 deus

272 1383 366 1431 otus
386 1372 500 1431 mansio
523 1370 637 1451 qualis'
703 1370 745 1449 4.)
770 1371 834 1429 209.
878 1369 1073 1431 Hildebertus
1091 1368 1333 1439 Cenomanensis,
1356 1370 1517 1447 bragmen-

268 1470 333 1517 tum
356 1460 425 1517 'vitae
445 1458 548 1515 Maria
569 1456 773 1572 Aegyptiace.
817 1456 947 1515 Robrica
969 1456 1067 1537 quoad
1089 1456 1149 1533 legi
1171 1464 1283 1533 potest:
1314 1447 1434 1534 Incipit
1456 1456 1519 1513 vita

270 1554 374 1603 sancte
395 1544 490 1602 Maris
512 1542 677 1620 egiptiace.¹
709 1542 844 1600 Initium:
872 1533 969 1600 ‘Sicut
1001 1541 1126 1622 hyemps
1159 1540 1273 1600 laurum
1306 1560 1366 1599 non
1388 1542 1446 1599 urit
1468 1542 1517 1599 vel

269 1651 361 1703 rogus
383 1630 505 1689 amum?
547 1626 631 1686 Finis
654 1627 745 1687 deest

182 1762 257 1819 849.
271 1758 355 1841 [Rec.
379 1755 483 1839 3319]
505 1779 544 1816 m.
566 1757 639 1815 XII.
665 1759 734 1815 132.
758 1758 804 1815 4“.
868 1755 1073 1837 1.)119-509
1120 1756 1149 1815 S.
1165 1754 1305 1815 Aurelius
1322 1754 1516 1833 Augustinus,

269 1846 354 1904 libri
373 1844 407 1903 Π
428 1844 466 1903 de
487 1844 598 1923 nuptiis
621 1850 651 1901 et
665 1842 912 1921 concupiscentia.
981 1842 1064 1921 2)5
1046 1840 1137 1900 5-09
1138 1844 1208 1899 51
1253 1840 1400 1917 Quattuor
1414 1860 1517 1899 versus

207 1922 212 1928 ⁵
268 1932 356 1990 latini
377 1929 503 2001 librarii,
538 1950 604 1987 cum
634 1930 842 1987 commentario
875 1929 912 1987 de
932 1926 1067 2005 Gregorii
1084 1927 1191 2029 Magni
1212 1928 1303 2007 Papae
1325 1928 1518 2005 Dialogorum

275 2017 343 2075 Lib.
366 2016 414 2088 II,
444 2035 508 2093 cap.
532 2016 573 2073 30
607 2021 637 2072 ιι
669 2014 788 2093 quidem
821 2014 858 2072 de
890 2014 1057 2072 vocabulis:
1084 2005 1317 2073 ‘'mulomedicus
1351 2020 1381 2073 et
1409 2007 1516 2091 ‘trepe-

270 2102 358 2161 dica)
423 2102 465 2181 3.)
489 2100 639 2159 519-70.
695 2099 725 2157 S.
759 2100 899 2159 Aurelius
929 2100 1133 2177 Augustinus,
1168 2100 1216 2158 De
1249 2098 1326 2158 bono
1360 2096 1517 2177 conjugali.

270 2188 328 2246 709
350 2196 446 2245 vacat.
511 2186 553 2265 4.)
578 2188 632 2243 719
632 2183 761 2243 -1039
804 2184 904 2257 Idem,
936 2184 984 2244 De
1008 2194 1110 2244 sancta
1132 2186 1311 2263 virginitate.
1375 2184 1418 2263 5.)
1444 2182 1518 2241 1039

273 2272 405 2332 -1199,
448 2272 542 2341 Idem,
564 2272 612 2330 De
628 2271 704 2329 bono
719 2270 841 2329 viduali
900 2271 941 2351 6.)
968 2272 1041 2329 120
1042 2272 1169 2329 -129
1213 2270 1372 2340 Idem,De
1389 2267 1518 2349 eoquod

271 2361 415 2437 scripturn
438 2367 497 2417 est:
523 2348 586 2437 ‘qui
608 2365 699 2415 totam
720 2356 817 2433 legem
840 2356 971 2415 servabit
999 2357 1121 2415 offendit
1142 2364 1298 2416 antem...
1306 2356 1420 2435 Ἰ.)
1446 2356 1519 2413 1299

270 2446 401 2502 -1329,
445 2444 538 2513 Idem,
563 2442 743 2501 Retractatio
759 2441 909 2500 librorum.
971 2442 1013 2520 8.)
1038 2440 1121 2500 1329.
1166 2440 1342 2499 Luitholdus
1358 2440 1518 2499 monachus

271 2530 510 2599 Lunaelacensis,
543 2527 706 2607 Epitaphia
726 2528 784 2585 tria
812 2529 843 2585 in
865 2526 1075 2586 Chuonradum
1106 2526 1243 2586 abbatem
1266 2526 1518 2597 Lunaelaoensem,

270 2636 352 2674 anno
378 2616 458 2673 1145
482 2615 676 2673 interfectum.
720 2613 814 2672 Denis
837 2613 905 2671 Vol.
927 2614 969 2683 II,
994 2612 1217 2673 CCCXLVIII.

185 2746 257 2801 850.
271 2742 390 2825 [Τιιιοι.
415 2740 498 2823 664.)
527 2764 566 2801 m.
597 2740 671 2803 XII.
702 2742 774 2799 256.
808 2738 854 2801 49.
931 2743 971 2820 l.)
997 2746 1035 2801 19.
1079 2742 1200 2801 Pictura
1222 2762 1259 2801 m.
1295 2741 1405 2801 Christi
1428 2742 1518 2800 cruci-

270 2830 334 2887 fixi.
402 2829 444 2907 2.)
469 2828 511 2886 19.
554 2827 695 2905 Diploma
724 2847 813 2906 super
841 2827 982 2887 donatum
1011 2848 1114 2906 agrum
1145 2828 1182 2887 ad
1206 2828 1298 2886 altare
1321 2828 1350 2887 S.
1375 2826 1519 2905 Stephani

270 2916 303 2973 in
339 2915 461 2973 civitate
492 2912 523 2972 S.
553 2912 720 2991 Hippolyti.
801 2914 844 2992 3.)
878 2913 997 2971 29-.29
1055 2914 1266 2991 Fragmentum
1300 2912 1424 2990 alicujus
1452 2912 1518 2971 libri

269 3000 501 3079 poenitentialis.
580 3000 624 3077 4.)
657 2998 798 3057 39-229,
858 2998 1005 3076 Sulpicius
1040 2998 1168 3057 Severus
1205 2998 1242 3057 ad
1274 3018 1402 3057 sororem
1435 3017 1518 3056 suam

271 3085 449 3157 Claudiam,
487 3086 536 3144 De
576 3084 665 3143 laude
700 3084 886 3161 virginitatis.
937 3084 1064 3185 Incipit.
1097 3075 1303 3157 ‘Quantam’
1294 3104 1325 3143 ιιι
1362 3082 1519 3142 celestibus

271 3171 485 3230 beatitudinem
506 3171 718 3247 virginitas...
727 3170 913 3248 'Explicitt
940 3158 1001 3228 ‘dei
1031 3170 1172 3228 sacrificio
1200 3178 1230 3227 et
1259 3170 1322 3247 ipse
1352 3169 1390 3226 sit
1412 3168 1518 3245 dignus

270 3258 377 3315 amen.¹
441 3257 483 3335 5.)
507 3256 669 3314 229-449.
712 3254 805 3327 Idem,
828 3254 879 3313 Ad
893 3254 1059 3314 Celantiam
1081 3263 1244 3313 matronam
1268 3253 1393 3333 epistola
1414 3254 1519 3313 exhor·

270 3342 388 3401 tatoris.
417 3342 541 3421 Incipit:
558 3332 664 3401 ‘Vetus
694 3342 838 3421 scripture
866 3339 1016 3399 celebrata
1049 3340 1195 3399 sententia
1223 3348 1324 3402 ιιι...
1333 3340 1517 3418 Ἐιριίιίιε

265 3420 359 3502 ‘Quia
379 3427 536 3486 inchoasse
557 3427 678 3497 suffieit,
712 3428 765 3485 sed
786 3426 946 3505 perfecisse
975 3426 1091 3485 iusticia
1114 3427 1176 3485 ιιι.’
1220 3426 1277 3485 Ηιι
1306 3424 1372 3485 (ιιιιι
1394 3424 1517 3503 Sulpicii

271 3514 377 3572 Severi
408 3513 541 3592 epistolae
570 3531 780 3591 nonnunquam
810 3514 898 3571 etiarn
925 3511 981 3571 sub
1002 3512 1121 3571 nomine
1144 3511 1173 3570 S.
1197 3512 1374 3589 Hieronymi
1397 3511 1518 3569 circum-

271 3600 415 3659 feruntur.
475 3599 516 3677 6.)
540 3600 594 3656 449
595 3596 701 3655 -479,
745 3598 869 3657 Rufinus
885 3598 1096 3679 Aquilejensis,
1112 3597 1260 3675 Apologia
1275 3596 1311 3655 ad
1327 3594 1519 3653 Anastasium

272 3685 451 3786 pontificem.
485 3684 606 3761 Incipit:
625 3676 750 3743 ‘Audiui
772 3683 914 3765 quosdam
938 3704 1003 3742 cum
1026 3683 1105 3762 apud
1125 3682 1342 3742 Beatitudinem
1366 3690 1482 3743 tuam.

272 3770 421 3849 Explicit:
440 3761 573 3848 ‘propter
594 3770 737 3829 inuidiam
759 3769 852 3828 solam
870 3778 1014 3848 generant
1035 3780 1063 3828 ιι
1081 3768 1223 3827 liuorem.'
1290 3768 1330 3846 7.)
1354 3767 1517 3825 479-599.

273 3855 303 3913 S.
320 3855 499 3933 Cyprianus
521 3855 657 3933 Epistola
678 3854 717 3913 ad
730 3856 890 3913 Donatum.
958 3855 999 3934 8.)
1024 3856 1076 3912 599
1078 3856 1183 3913 -759.
1228 3852 1321 3925 Idem,
1345 3852 1393 3911 De
1414 3852 1519 3910 habitu

272 3942 431 4017 virginum.
489 3942 532 4020 9.)
556 3943 609 3998 75·
610 3941 717 3999 -999.
761 3940 854 4013 Idem,
876 3941 926 4000 De
944 3940 1044 4019 lapsis.
1112 3940 1173 4018 10.)
1197 3938 1380 3997 999-1209.
1425 3936 1517 4007 Idem,

272 4028 321 4086 De
343 4027 457 4084 unitate
479 4026 621 4085 ecclesiae.
689 4028 750 4104 11.)
776 4025 979 4085 1209-1359.
1032 4025 1131 4094 Idem,
1164 4025 1212 4083 De
1247 4024 1323 4083 bono
1358 4024 1516 4101 patientIae.

276 4114 338 4190 12.)
363 4110 568 4169 1359-1479.
612 4112 712 4183 Idem,
735 4111 783 4170 Ι)ι
798 4112 862 4171 selo
878 4121 908 4171 et
922 4112 1024 4170 livore.
1089 4110 1149 4189 13.)
1176 4108 1380 4169 1479-1729.
1424 4108 1517 4177 Idem,

273 4198 322 4256 De
344 4198 477 4255 oratione
499 4197 654 4256 dominica
698 4198 758 4256 Hic
778 4196 910 4255 rubrica:
928 4188 1049 4275 ‘Incipit
1070 4196 1163 4253 altera
1183 4216 1251 4274 pars
1274 4194 1463 4273 epistolarum
1487 4192 1517 4251 S.

275 4282 617 4440 22239922
640 4282 950 4427 delituit
1005 4282 1088 4444 ¹1¹5)
1097 4280 1446 4433 alteu¹¹es
1456 4279 1518 4423 22

275 4473 364 4532 opere
387 4461 417 4511 et
438 4413 644 4553 eleemosynis.
714 4453 774 4532 17.)
799 4455 859 4512 225
862 4454 1001 4511 9-2549,
1061 4451 1162 4523 Idem,
1192 4451 1242 4509 Ad
1264 4452 1457 4509 Fortunatum
1480 4449 1518 4509 de

276 4538 479 4597 exhortatione
502 4540 644 4617 martyrii.
712 4540 773 4616 18.)
797 4540 909 4597 2549-
919 4538 1005 4597 2569.
1049 4537 1142 4609 Idem,
1165 4536 1301 4615 Epistola
1322 4535 1360 4594 ed
1382 4534 1518 4594 Thibari

276 4634 359 4683 tanos
392 4624 431 4682 de
464 4624 668 4683 exhortatione
697 4626 838 4703 martyrii.
883 4624 920 4683 In
942 4624 1016 4684 fine:
1041 4614 1185 4701 ‘Explicit
1218 4620 1291 4680 liber
1321 4620 1350 4680 S.
1375 4620 1517 4699 Cypriani

277 4710 415 4788 episcopi.
417 4708 489 4768 ’In
510 4710 589 4781 lolio,
612 4710 692 4789 quod
713 4709 927 4787 adglutinatam
952 4718 998 4769 ιιι
1019 4709 1111 4768 thecae
1134 4709 1287 4788 posteriori
1302 4706 1409 4785 legitur
1425 4706 1518 4765 forma
