3709 5734
187 545 313 604 3219-
319 539 440 602 322022*
783 531 848 602 237

255 730 354 792 emisit
376 729 470 788 iactor
490 729 553 787 ut
545 747 570 786 rs
592 726 692 806 peciit.
731 723 859 806 Spiritus
883 724 962 784 alme
983 733 1035 783 too
1051 714 1234 802 dignare...’
1273 725 1381 828 Expl:
1402 714 1485 788 Istis

254 817 334 878 dicat
349 835 436 874 amen
452 813 508 873 celi
524 813 638 873 telluris
655 819 685 871 et
700 831 818 890 agmen.
842 811 925 870 dedit
940 810 1014 870 deus
1036 810 1094 868 hiis
1117 830 1237 890 quoque
1258 803 1365 871 finem?
1405 813 1485 874 1592

255 900 382 962 -1622
402 908 519 961 vacant.
566 897 628 978 10.)
654 899 868 957 163·-178·.
891 897 1042 956 Henrious
1065 897 1103 956 de
1125 897 1251 969 Hassis,
1274 897 1486 959 invectivam

253 997 416 1050 monstrum
450 985 616 1064 Babylonis
652 1004 718 1043 cum
750 983 882 1044 rubrica:
909 973 1073 1062 Tangitur
1099 982 1148 1042 hic
1176 984 1284 1042 scisma
1312 986 1406 1087 turpis
1429 985 1486 1046 sub

253 1075 396 1175 ymagine
419 1073 542 1131 monstri
558 1069 735 1130 Omnibus
727 1071 856 1148 rngsnijs
878 1089 950 1127 mox
972 1089 991 1127 a
1013 1070 1127 1128 cunctis
1149 1061 1328 1170 perimendi'
1346 1078 1400 1130 etc.
1435 1072 1485 1131 In-

255 1163 329 1240 cip.:
355 1149 442 1218 Heu
464 1158 572 1217 frustra
595 1157 701 1263 scripsi
723 1156 831 1214 multos
859 1154 1019 1214 dictamine
1041 1157 1163 1216 moui..
1177 1155 1344 1235 .Expl.:
1375 1147 1485 1217 ‘mores

254 1253 397 1328 quantum
419 1244 502 1303 valet
523 1237 666 1322 nsquam?
714 1239 778 1324 11.)
804 1239 893 1302 1782.
927 1241 1108 1300 Tentamina
1131 1241 1252 1314 calami,
1276 1241 1416 1322 quibus
1408 1263 1486 1304 mse-

255 1333 355 1414 quitur
382 1330 498 1390 Fabula
525 1331 614 1388 trium
643 1327 835 1389 distichorum
865 1327 903 1386 de
931 1327 1024 1386 milite
1051 1328 1177 1430 ejusque
1198 1347 1292 1387 uxore
1314 1338 1344 1387 et
1368 1329 1485 1390 clerico.

253 1419 364 1496 Incip.:
383 1407 500 1475 ‘Militis
516 1435 640 1475 uxorem
664 1413 798 1474 clamidis
821 1413 959 1472 mercede
976 1403 1171 1474 Clericus...'
1209 1413 1316 1492 Explt
1332 1405 1485 1494 Amplius

253 1505 293 1564 ad
314 1511 446 1561 nostram
469 1521 529 1560 non
543 1501 659 1560 molet'
651 1520 715 1581 rpse
730 1490 857 1559 molam?
884 1493 970 1600 12.)
989 1498 1077 1559 1782.
1100 1499 1287 1558 Hexameter
1305 1491 1362 1558 ‘Sit
1378 1501 1485 1561 iudeus

252 1588 386 1650 medicus
415 1589 542 1666 scriptor
563 1587 601 1646 de
628 1588 753 1666 pignore
776 1575 892 1646 certus.²
952 1585 1013 1662 13.)
1040 1585 1113 1644 179·
1120 1584 1259 1646 -2192.
1292 1585 1486 1647 Eberhardus

253 1675 459 1746 Romulensis,
488 1672 667 1732 Laborintus
691 1693 756 1731 cum
778 1671 895 1748 glossis.
941 1672 1018 1730 220·
1034 1679 1131 1731 vacat.
1179 1673 1241 1746 14)
1258 1671 1348 1734 2202.
1371 1673 1485 1734 Versus
1520 1663 1575 1726 r!

253 1760 442 1822 memoriales
465 1758 502 1818 de
524 1767 588 1818 arte
610 1759 804 1817 arithmetica.
842 1757 952 1835 Incip.:
977 1747 1070 1815 Inde
1091 1757 1239 1818 solue...
1244 1749 1396 1836 '.Expl·
1419 1750 1484 1819 ‘sed

254 1848 383 1926 septima
404 1845 499 1904 millia
520 1836 618 1906 mille.’
667 1843 729 1922 15.)
754 1847 829 1902 221·
835 1842 972 1902 2312.
1000 1841 1195 1902 Theobaldus
1218 1806 1257 1902 de
1279 1843 1382 1916 Senis,
1403 1844 1486 1924 Phy-

254 1933 386 2010 siologus
408 1930 593 2010 rhythmicus
617 1951 682 1989 cum
711 1937 885 1988 commento.
932 1929 1008 1987 232·
1014 1928 1140 1986 -2422
1159 1938 1277 1990 vacant.
1323 1889 1387 2013 16.)
1405 1930 1485 1990 2422

252 2017 475 2078 -2452.1)ιι
505 2015 608 2075 liberis
638 2016 801 2077 educandis
833 2022 985 2076 tractatus.
1034 2015 1147 2093 Incip.:
1173 2004 1364 2074 Honestatis
1395 2037 1487 2096 opera

253 2105 437 2185 promptiora
459 2093 628 2165 efficiat...²
666 2102 771 2180 Expl:
791 2092 880 2160 ‘affici
896 2120 985 2178 posse
1001 2105 1140 2159 constat
1132 2121 1162 2160 ιιι
1177 2091 1283 2178 genio?
1332 2101 1393 2179 17.)
1411 2104 1486 2161 246·

255 2192 389 2251 -285·.
419 2187 525 2248 Petrus
547 2187 661 2250 Paulus
684 2188 863 2290 Vergerius‚
894 2185 979 2244 De
970 2187 1108 2264 ingenuis
1135 2186 1266 2246 moribus
1296 2185 1415 2247 libellus
1446 2188 1486 2248 ad

254 2276 434 2338 Ubertinum
450 2273 682 2335 Carrariensem.
719 2274 831 2352 Incip.·
852 2263 1042 2331 ‘mausiacus
1065 2274 1165 2332 senior
1178 2293 1253 2332 auus
1269 2281 1337 2332 tuus
1353 2273 1437 2333 cuius
1452 2285 1486 2334 ut
1548 2329 1553 2336 .

255 2369 421 2423 extant.
426 2352 578 2439 ’.:Expl
607 2351 677 2419 nisi
698 2360 847 2437 teipsum
870 2359 968 2418 videri
991 2348 1137 2419 defuisse?
1185 2360 1247 2434 18.)
1271 2361 1346 2417 285·
1349 2362 1484 2424 -288·.

253 2449 345 2526 Hugo
362 2407 445 2507 deS.
461 2447 593 2517 Victore,
617 2447 664 2505 De
680 2446 795 2504 ratione
811 2445 987 2505 studiorum.
1023 2445 1136 2523 Incip.·
1154 2434 1341 2504 ‘Doctrinam
1362 2445 1485 2506 breuem

255 2542 286 2593 et
307 2523 555 2592 utilissimam...’
590 2532 693 2611 Explz
713 2522 791 2589 oleo
815 2531 939 2609 synapis
960 2530 1082 2608 prodest
1103 2521 1245 2590 multum?
1292 2531 1369 2591 2882
1388 2543 1485 2596 vacat.

257 2621 319 2696 19.)
344 2619 419 2678 289·
425 2619 557 2677 -302·.
587 2617 722 2677 Joannes
746 2615 783 2676 ds
807 2615 986 2687 Garlandia,
1016 2616 1065 2674 De
1086 2617 1238 2694 mysteriis
1261 2617 1396 2677 ecclesias
1423 2639 1486 2678 car-

254 2725 339 2778 men,
368 2724 434 2764 cum
458 2712 633 2762 commento.
678 2701 754 2762 3022
775 2703 835 2761 et
826 2723 857 2760 ιιι
879 2702 950 2760 folio
973 2711 1145 2780 tegumento
1173 2703 1330 2780 posteriori
1358 2703 1486 2782 adgluti-

254 2801 325 2850 nato
349 2791 577 2850 commentarius
601 2790 798 2850 continuatur.
843 2787 1007 2846 Endlicher
1030 2785 1243 2850 CCCLXXX.

134 2909 347 2993 3220.[Η1ιιι.
363 2909 438 2990 prol.
455 2907 539 2991 860.]
556 2931 595 2970 ιιι.
610 2918 641 2970 et
656 2909 702 2970 ch.
718 2909 788 2968 XV.
808 2910 878 2966 122.
902 2905 949 2969 4⁰.
994 2903 1037 2991 1.)
1055 2908 1209 2966 1·-492.
1235 2908 1269 2969 F.
1286 2909 1320 2969 B.
1337 2909 1375 2968 de
1391 2909 1485 2984 Colle,

252 2997 333 3057 Vitae
354 2995 597 3075 philosophorum
614 2995 771 3054 illustrium
789 2994 892 3054 ordine
908 2993 1096 3073 alphabetico
1111 2994 1299 3072 potissimum
1315 3015 1333 3054 e
1347 2995 1486 3075 Diogene

253 3083 386 3144 Laertio.
432 3079 475 3162 2.)
494 3083 663 3142 50·-92·.
690 3079 847 3140 Johannes
869 3078 1111 3151 Sarisberiensis‚
1135 3079 1340 3157 Polycraticus
1363 3101 1485 3162 excerp·

255 3177 313 3228 tus.
364 3163 409 3248 3.)
434 3167 627 3226 922-117·.
660 3167 733 3226 Loci
756 3175 786 3225 et
808 3167 964 3226 sententias
987 3183 1003 3224 e
1026 3163 1148 3224 Seneca
1178 3165 1346 3242 tragoediis,
1378 3167 1487 3248 quihus

256 3261 432 3332 argumenta
460 3254 643 3330 singularum
666 3252 825 3330 subjuncta
847 3260 925 3313 aunt.
978 3252 1020 3327 4.)
1045 3249 1237 3309 1172-122
1259 3251 1357 3311 Index
1379 3253 1411 3312 in
1433 3273 1485 3313 vo·

255 3341 368 3399 lumine
392 3346 605 3400 contentorum.

135 3457 395 3541 3220*.[Phi101.
420 3456 502 3539 194.)
526 3459 571 3518 ch.
595 3459 667 3520 XV.
692 3453 1487 3534 98.4⁰.11.1)1¹-84¹’.JohannesLoisius‚El

255 3547 332 3605 libro
355 3545 502 3604 chismate
517 3545 696 3646 napfragio
688 3564 719 3603 ιιι
734 3543 824 3602 lande
840 3541 878 3602 de
893 3541 924 3600 la
939 3542 1051 3602 celsata
1066 3542 1123 3602 dea
1139 3542 1250 3602 Carina
1265 3543 1307 3616 (in
1322 3541 1367 3603 IV
1384 3504 1486 3625 cahti).

255 3631 446 3690 Dedicatio
438 3631 542 3708 incip..
561 3621 688 3704 ‘Quosta
711 3629 838 3709 epistola
859 3627 971 3687 manda
991 3629 1011 3688 l'
1027 3638 1130 3688 autore
1145 3629 1175 3687 al
1190 3629 1315 3732 inclyto
1327 3637 1357 3689 et
1372 3631 1488 3691 valeto-

256 3717 375 3776 sissimo
389 3715 483 3775 haron
499 3715 537 3775 de
552 3715 676 3776 Mora..
686 3713 996 3776 .Remembrandome
1018 3734 1117 3774 essere
1132 3715 1161 3772 io
1178 3723 1301 3776 stato...
1305 3705 1370 3774 'et
1390 3718 1485 3819 exple

252 3793 361 3862 ‘morte
383 3822 431 3862 me
453 3793 578 3862 mande.'
615 3799 729 3880 Opns'
721 3803 826 3880 mcip..
846 3792 929 3907 qual
952 3801 1008 3859 sisi
1031 3801 1086 3859 che
1108 3792 1228 3878 legi...'
1253 3807 1284 3860 et
1299 3793 1424 3880 cxpl.:‘
1425 3824 1487 3864 non

255 3889 353 3967 potria
376 3888 560 3948 consolarme
583 3887 658 3946 altro
682 3887 736 3946 che
758 3879 868 3949 morte.’
924 3887 1012 3946 85-
1022 3888 1062 3945 88
1078 3894 1196 3945 vacant.
1253 3885 1296 3964 2.)
1314 3889 1369 3945 89·
1372 3890 1486 3952 -94·.

256 3973 399 4033 Carmina
421 3974 530 4046 italica
554 3992 620 4054 quae
642 3974 750 4032 sonetti
773 3973 912 4033 dicuntur
934 3993 1002 4031 cnm
1024 3970 1159 4033 rubrica.
1184 3961 1239 4030 El
1262 3991 1372 4049 segnor
1393 3973 1486 4034 baron

257 4059 296 4119 de
317 4059 403 4118 Maro
427 4019 548 4118 Sonecli
570 4059 703 4118 mandati
726 4058 765 4118 da
787 4059 828 4136 gli
852 4061 940 4119 amici
962 4058 1001 4117 ad
1023 4057 1043 4116 l
1058 4065 1162 4116 autore
1189 4057 1291 4116 facti
1282 4078 1313 4116 ιιι
1336 4059 1426 4120 laude
1449 4061 1488 4205 dee

255 4146 287 4204 la
309 4165 361 4204 soa
384 4145 493 4204 domna
515 4137 754 4204 confortandoloff
793 4145 957 4205 Primum
947 4145 1052 4222 mcip.:
1075 4137 1219 4202 ‘Rufrena
1241 4143 1264 4201 il
1285 4143 1417 4205 dnol..

256 4231 393 4290 ultimum
422 4231 516 4309 explz
547 4222 597 4290 de
620 4231 689 4309 ogni
719 4231 817 4289 anima
846 4223 932 4292 diva?
991 4229 1091 4288 942-
1101 4229 1157 4288 952
1181 4237 1299 4289 vacant.
1355 4229 1397 4308 3.)
1422 4153 1488 4293 9622

255 4316 389 4376 Thomas
412 4316 639 4388 Grammaticus,
664 4315 792 4376 Carmen
815 4318 957 4389 italicum,
981 4316 1086 4395 incip.
1108 4305 1226 4374 ‘’Drl
1202 4335 1245 4374 mo
1268 4309 1485 4393 naufragio..)

256 4403 363 4481 Expl:
379 4393 423 4462 lo
447 4413 549 4462 eterno
572 4393 676 4463 canto?
723 4402 779 4461 962
799 4411 895 4463 vacat.

136 4505 280 4572 3220**.
299 4504 381 4588 [Rea.
405 4509 498 4568 2105.
523 4503 562 4588 2.]
587 4506 632 4568 ch.
655 4507 726 4568 XV.
753 4509 803 4566 46.
833 4505 878 4566 42.
922 4507 1007 4567 Inter
1033 4512 1207 4584 tegumenta
1230 4505 1362 4564 anterius
1384 4513 1415 4566 et
1435 4526 1487 4586 po-

256 4593 365 4652 sterius
394 4601 423 4652 et
452 4593 523 4652 folia
551 4613 674 4652 numero
703 4593 821 4671 signata
846 4594 973 4673 primum
996 4600 1026 4652 et
1047 4592 1184 4651 ultimum
1206 4593 1372 4668 fragmenta
1393 4593 1425 4650 in
1447 4613 1484 4654 m.

256 4677 399 4738 breviarii
414 4699 437 4740 s.
453 4679 543 4738 XIII.
560 4679 716 4740 habentur.
763 4683 881 4739 1·-2·
896 4686 1013 4738 vacant.
1061 4674 1105 4761 1.)
1122 4681 1198 4737 2·-
1211 4677 1277 4738 182.
1294 4677 1330 4752 Q.
1343 4678 1487 4739 Horatius

254 4764 391 4840 Flaccus,
415 4765 464 4826 De
487 4775 550 4826 arte
572 4767 691 4846 poetica
712 4763 836 4844 adjectis
859 4766 967 4846 glossis
980 4765 1081 4825 latinis
1097 4774 1127 4825 et
1141 4764 1328 4843 germanicis.
1374 4767 1415 4840 2.)
1434 4767 1487 4824 19·
